3238 5124
502 392 896 474 p-at-

155 568 311 632 mentatio
333 566 506 651 excipitur,
539 585 622 652 quae
654 549 911 632 enuntiationum
935 563 1121 631 coniunctio
1145 565 1368 630 confirmativa

156 685 350 772 appellatur,
372 686 405 751 id
429 685 517 771 quod
540 684 621 752 55115
647 683 752 750 515551
774 703 816 750 ex
837 683 889 749 his
913 683 1090 770 exemplis:

239 839 280 904 V.
294 841 338 905 44
350 839 396 904 At
410 837 515 904 nullos
539 837 641 904 habeo
665 839 821 926 scriptos:
844 839 891 904 sic
913 838 1046 905 memini
1067 841 1186 904 tamen.
1211 838 1271 905 158
1286 837 1368 906 Mihi

156 956 286 1042 quidem
309 959 376 1024 iam
399 958 515 1024 arbitri
549 957 646 1024 515151
678 964 765 1039 5551,
793 977 883 1024 5555
906 957 984 1043 quid
1011 957 1068 1023 fiat
1092 958 1195 1024 domi:
1238 956 1290 1024 lta
1311 977 1369 1045 peu

154 1077 346 1164 impluvium
368 1079 455 1143 intro
479 1080 639 1162 spectant.
665 1075 727 1143 165
748 1077 864 1143 Nescio
888 1075 965 1163 quid
989 1075 1074 1142 5515
1095 1076 1262 1142 factumn
1293 1097 1369 1143 nos-

153 1201 207 1262 tra
228 1195 281 1262 hic
303 1195 471 1278 familiari,
494 1202 650 1282 quantum
683 1195 798 1262 audio:
843 1193 894 1262 Ita
925 1215 1026 1262 senex
1047 1195 1132 1261 15155
1167 1193 1245 1260 elidi
1273 1195 1371 1262 iussit

154 1316 320 1382 conservis
341 1313 518 1381 5515517
541 1315 632 1382 Sicut
654 1315 755 1381 51155
775 1335 862 1381 5555
884 1315 993 1380 555515
1017 1313 1095 1399 quid
1121 1312 1275 1380 viderim:
1321 1313 1370 1382 lta

153 1435 252 1500 istest
272 1435 366 1501 huius
389 1434 503 1500 similis
526 1441 659 1500 nostrae
670 1438 737 1500 tua
760 1434 824 1500 533
835 1432 1036 1499 Transcurre
1059 1431 1222 1498 curriculo
1246 1431 1370 1500 adnos:

153 1552 202 1618 115
222 1553 431 1636 negotiumst.
454 1551 518 1619 572
540 1551 626 1620 Β555
648 1572 700 1618 55
722 1572 851 1620 mones:
895 1553 947 1618 Ita
968 1551 1077 1619 facere
1107 1556 1274 1618 certumst.
1306 1551 1369 1620 657

154 1669 237 1737 Tute
259 1677 360 1738 5551
380 1671 506 1739 fateare
528 1672 650 1739 155155
673 1691 746 1739 5555
767 1672 1009 1738 adulescentem
1031 1669 1193 1737 moribus:
1237 1669 1288 1738 Ita
1308 1691 1369 1754 ego

154 1790 197 1856 ad
212 1790 316 1856 omnis
339 1792 534 1877 comparebo
554 1792 615 1859 tibi
636 1810 689 1858 res
707 1791 885 1857 benefactis
901 1790 1063 1876 frequens.
1087 1789 1149 1854 785
1170 1787 1371 1858 Adsimulet·

156 1929 218 1995 555
240 1929 276 1975 55
299 1907 402 1974 Tuam
424 1930 496 1976 csse
517 1929 671 1976 uxorem:
693 1910 742 1975 115
762 1909 1072 1995 praecipiundumst.
1095 1907 1176 1972 1077
1199 1907 1246 1974 Ν5
1263 1911 1369 1992 magis

155 2027 218 2092 sim
240 2028 362 2114 pulcer,
395 2049 493 2114 quam
524 2050 613 2095 sum:
656 2027 706 2095 115
734 2049 787 2094 55
820 2047 894 2093 555
922 2027 1029 2093 forma
1054 2025 1153 2091 habet
1182 2025 1369 2095 sollicitum.

157 2148 240 2212 1082
262 2145 383 2232 Lepide
405 2147 578 2213 factumst:
601 2149 668 2213 iam
690 2167 731 2213 ex
766 2165 913 2213 sermone
945 2145 1005 2210 boc
1036 2144 1262 2226 gubernabunt
1293 2148 1370 2213 doc-

155 2267 220 2332 tius
241 2286 351 2350 porro.
375 2265 458 2356 1138
481 2265 597 2332 05515
619 2268 677 2333 dat
691 2266 785 2346 dono,
820 2265 883 2331 sibi
904 2261 1038 2330 habeat:
1061 2263 1111 2329 115
1124 2284 1182 2348 ego
1200 2265 1372 2333 consilium

156 2385 242 2451 dedi.
304 2389 306 2394 ’
642 2392 645 2398 ’

188 2543 191 2550 ·
241 2521 312 2592 155
334 2541 410 2588 vero
434 2521 606 2588 dicendum
627 2522 708 2588 mihi
740 2541 812 2588 5555
843 2520 993 2586 existimo
1026 2518 1066 2584 de
1095 2520 1262 2605 asyndetis
1290 2524 1312 2587 i.
1342 2543 1369 2588 e.

156 2640 444 2722 enuntiationibus,
467 2660 548 2726 quae
572 2640 852 2706 coniunctionibus
875 2642 995 2712 carent.
1040 2637 1127 2716 Quae
1157 2658 1230 2705 oum
1267 2641 1370 2706 5551-

157 2759 218 2825 555
241 2758 441 2844 temporibus
465 2760 499 2824 15
513 2778 639 2846 555555
659 2758 772 2840 lingua
793 2758 894 2824 151555
912 2761 1046 2836 5555151,
1064 2759 1254 2842 saepissime
1270 2759 1370 2825 etiam

156 2879 192 2944 15
221 2859 340 2946 1555115
362 2877 521 2945 Plautinis
543 2879 761 2945 inveniuntur.
789 2876 910 2955 Quibus
933 2875 969 2939 in
990 2878 1229 2961 pertractandis
1252 2899 1371 2966 sequar

159 2996 462 3080 Naegelsbacbium‚
487 2998 542 3081 qui
564 2995 749 3062 dostissime
772 2996 888 3060 statuit
917 2993 1002 3060 15155
1034 2997 1191 3080 asyndeta
1222 3000 1254 3063 51
1283 3018 1370 3064 vera.

157 3116 256 3183 Falsa
292 3116 377 3182 enirn
415 3117 574 3200 asyndeta
614 3121 670 3181 551
710 3112 907 3200 explicatius
946 3119 1003 3178 551
1042 3114 1248 3180 adversativa
1285 3123 1370 3202 suut,

157 3254 239 3326 5555
269 3218 528 3300 coniunctionem
561 3254 627 3298 non
661 3232 841 3319 postulaut;
874 3236 930 3296 aut
962 3235 1186 3300 enumerativa
1208 3238 1265 3300 aut
1284 3253 1370 3300 sum·

157 3355 291 3435 motiva,
314 3371 396 3438 quae
418 3352 699 3418 coniunctionibus
721 3351 811 3434 iungi
833 3370 897 3416 non
917 3356 1066 3436 possunt.

244 3508 347 3586 Quam
370 3508 413 3573 ad
427 3529 495 3575 rem
516 3507 717 3592 probandam
741 3506 895 3591 cuiusque
917 3506 1066 3591 asyndeti
1081 3509 1209 3589 generis
1221 3511 1371 3597 exempla

158 3648 200 3694 ex
213 3627 335 3708 fabula,
357 3646 454 3712 quam
472 3631 662 3704 tractamus,
676 3627 781 3710 551115
793 3623 950 3706 adieram,
963 3631 1092 3692 secutus
1105 3628 1260 3707 ordinem,
1276 3650 1371 3716 quem

158 3765 260 3832 supra
290 3745 555 3811 commemoravi:

243 3919 272 3965 5.
315 3898 485 3985 Asyndeta
517 3899 732 3984 explicatius:
771 3921 800 3966 5.
839 3901 881 3966 33
913 3899 1035 3966 Venter
1065 3907 1154 3968 creat
1182 3906 1286 3972 omnis
1308 3905 1368 3973 has

157 4037 341 4098 aerumnas,
365 4020 497 4086 auribus
519 4019 763 4118 Perhauriunda
783 4021 863 4087 haec
886 4023 979 4086 5551.Ι
1000 4022 1042 4085 46
1065 4021 1150 4087 Dum
1171 4024 1237 4091 tale
1258 4025 1369 4106 155155,

158 4137 255 4224 55515
275 4136 390 4217 adhuc,
414 4138 551 4205 adsiduo
575 4139 668 4206 edes:
693 4139 943 4208 communicabo
958 4159 1085 4225 semper
1108 4137 1370 4212 1555555555.

157 4257 199 4322 65
220 4255 392 4323 Molestius
415 4263 501 4324 sunt:
526 4258 756 4334 5555155555
788 4266 820 4324 et
854 4264 1026 4343 opsecraut
1058 4259 1169 4325 ridere
1190 4267 1226 4328 ut
1259 4262 1369 4331 115551.

161 4377 221 4441 117
245 4376 308 4442 Ubi
332 4395 443 4442 sumus
466 4380 613 4464 provecti
634 4380 668 4445 in
692 4377 806 4461 altum,
836 4377 872 4442 fit
904 4379 988 4462 quod
1014 4378 1047 4444 di
1068 4379 1198 4446 volunt:
1230 4381 1371 4468 Capuint

159 4496 340 4580 praedones
363 4515 478 4562 navem
502 4496 602 4564 illam.
627 4477 993 4591 1131155555515515
1017 4497 1177 4566 hocfeci:
1202 4501 1232 4566 15
1264 4506 1369 4570 consi·
