3238 5124
572 351 980 453 ,*4”

242 520 274 580 et
295 514 432 596 „Italum
452 522 604 587 acetum“
627 521 882 588 luculentissime
905 525 1071 608 apparent
1095 521 1242 586 Sermoni
1262 529 1369 589 autem
1391 544 1451 589 en-

241 635 353 718 pedito
377 643 409 702 et
437 637 591 724 perfacile
624 641 766 706 currenti
796 640 899 706 Varro
930 640 1072 725 palmam
1106 640 1221 706 tribuit
1253 643 1453 729 eandemque

242 754 285 818 ad
313 774 383 820 rem
417 761 543 843 spectat
573 757 656 823 illud
688 759 816 825 Horatii
856 757 920 840 „ad
955 758 1121 843 exemplar
1143 759 1244 825 Siculi
1276 781 1452 848 properare

241 873 466 958 Epicharmi“‚
497 879 531 943 id
561 880 648 963 quod
668 879 776 945 critici
798 877 915 944 aetatis
937 878 1078 960 Augusti
1113 878 1254 945 maxime
1283 881 1317 945 in
1347 881 1454 948 Plauti

240 991 362 1059 fabulis
385 995 599 1062 admirantur,

323 1111 449 1188 Quibus
471 1113 628 1181 Horatius
651 1115 785 1181 minime
810 1117 978 1194 censentit,
1001 1135 1076 1180 nam
1099 1137 1164 1181 non
1184 1117 1292 1182 solum
1317 1137 1454 1204 compo-

225 1231 394 1299 sitionem
415 1233 618 1314 fabularum,
651 1234 834 1300 sedetiam
863 1255 975 1300 versus
1006 1242 1038 1299 et
1068 1236 1203 1302 facetias
1233 1238 1322 1323 ipsas
1359 1238 1454 1304 vehe-

240 1357 368 1417 menter
391 1352 564 1439 vituperat.
609 1353 697 1419 Dicit
718 1355 805 1418 enim
828 1353 887 1438 Ep.
910 1353 948 1418 11.
972 1355 1001 1418 1.
1026 1355 1088 1418 110

690 1524 846 1610 „Aspice
868 1524 1004 1589 Plautus

447 1643 515 1720 Quo
539 1647 637 1728 pacto
660 1650 772 1729 partes
793 1647 920 1708 tutetur
950 1647 1090 1710 amantis
1119 1645 1252 1732 ephebi3

444 1758 489 1828 llt
509 1762 614 1847 patris
636 1762 763 1842 attenti,
785 1761 910 1828 lenonis
934 1767 970 1826 ut
990 1763 1155 1829 insidiosi:
1224 1821 1226 1824 ,
1267 1792 1270 1798 ·

446 1881 592 1958 Quantus
614 1883 658 1945 sit
680 1880 869 1947 Dossennus
889 1881 1046 1946 edacibus
1068 1884 1102 1947 in
1124 1884 1290 1969 parasitis,

440 1997 548 2076 Quam
570 2020 635 2064 non
658 2000 814 2066 adstricto
837 2007 1008 2084 percurrat
1029 2001 1157 2086 pulpita
1179 2007 1305 2068 sooco.⁴‘

328 2201 440 2290 Neque
464 2202 660 2281 Quintiliano
684 2201 818 2270 Plautus
842 2205 924 2271 satis
946 2204 1221 2290 probaturolnst.
1244 2226 1292 2272 or.
1308 2206 1387 2272 Χ.1.
1403 2209 1453 2274 99.

216 2322 305 2404 ,ln
326 2323 493 2411 comoedia
521 2323 662 2412 maxime
694 2323 934 2399 claudicamus3
964 2323 1042 2390 licet
1071 2323 1176 2388 Varro
1207 2325 1338 2401 Musas,
1370 2326 1455 2392 Aelii

241 2441 379 2515 Stilonis
402 2443 572 2521 sententia,
596 2440 747 2506 Plautino
771 2443 863 2508 dieat·
889 2461 1037 2506 sermone
1068 2431 1235 2508 locuturas
1266 2444 1391 2523 fuisse,
1420 2465 1454 2510 se

245 2560 359 2628 Latine
381 2561 469 2648 loqui
491 2559 634 2626 18118111ιι
656 2567 689 2626 et
710 2560 820 2648 paullo
850 2567 926 2645 post
954 2561 994 2650 Χ.
1021 2563 1049 2627 1.
1073 2562 1134 2626 100
1157 2563 1264 2647 pergit
1296 2562 1382 2640 „Vix
1409 2564 1455 2630 le-

245 2700 316 2746 vem
340 2678 565 2764 consequimur
587 2679 751 2758 umbram,
782 2679 864 2745 adeo
894 2683 929 2742 ut
956 2679 1037 2743 mibi
1069 2699 1174 2746 sermo
1197 2683 1267 2766 ipse
1288 2681 1454 2748 Romanus

243 2819 308 2865 non
330 2798 474 2884 recipere
496 2798 645 2864 videatur
673 2798 764 2864 illam
794 2798 872 2864 solis
906 2816 1092 2862 concessam
1121 2800 1241 2864 Atticis
1274 2805 1454 2866 venerem.“

328 2917 392 2984 Sed
432 2936 627 3002 quamquam
659 2917 694 2982 in
727 2918 915 2982 universum
954 2915 1173 2993 Quintilianus
1213 2920 1247 2984 in
1280 2917 1454 2984 comoediis

244 3036 406 3104 Plautinis
427 3034 634 3116 elegantiam,
679 3035 823 3102 Atticam
847 3033 1034 3112 desiderat,
1067 3040 1176 3102 tamen
1206 3036 1300 3102 nobis
1328 3037 1363 3102 in
1395 3037 1455 3102 hac

242 3179 278 3228 re
301 3155 510 3221 diiudicanda
532 3173 660 3238 semper
681 3154 922 3239 respiciendum
945 3159 996 3218 est
1017 3159 1050 3218 et
1072 3152 1244 3230 Horatium
1268 3160 1300 3220 et
1328 3153 1455 3231 Quinti-

242 3279 367 3342 lianum
391 3293 428 3338 ea
450 3277 556 3338 aetate
586 3274 724 3350 vixisse,
759 3293 824 3357 qua
851 3271 962 3354 lingua
992 3271 1112 3338 Latina
1141 3277 1174 3338 et
1202 3292 1256 3338 ars
1290 3275 1456 3340 scribendi

242 3395 344 3460 multo
367 3393 472 3474 magis
495 3397 587 3457 erant
610 3391 769 3457 excultae.

326 3512 396 3578 lam
421 3511 601 3592 Terentius
625 3511 681 3596 qui
701 3509 810 3577 indole
831 3509 947 3576 Plauto
970 3508 1108 3575 inferior
1129 3513 1199 3588 est,
1232 3529 1304 3574 oum
1335 3512 1454 3592 Atticis

243 3629 455 3718 scriptoribus
480 3631 630 3696 studium>
644 3649 838 3716 operamque
859 3636 1014 3695 navasset
1036 3633 1069 3694 et
1089 3626 1285 3694 laudabilem
1315 3629 1349 3693 in
1381 3650 1456 3696 aon-

244 3749 425 3834 scribendis
448 3744 566 3814 fabulis
589 3747 792 3828 diligentiam
821 3746 1040 3825 adhibuisset,
1063 3745 1216 3812 Plautum
1245 3749 1372 3828 generis
1406 3749 1455 3814 di-

243 3869 337 3936 cendi
359 3874 428 3934 arte
451 3872 483 3932 et
506 3861 669 3948 elegantia
692 3866 788 3932 facile
810 3867 900 3945 vicit,
922 3865 958 3932 id
981 3865 1067 3951 quod
1089 3863 1245 3932 Horatius
1267 3865 1328 3950 Ep.
1351 3866 1395 3932 Il.
1426 3868 1454 3934 1.

241 3984 484 4074 supradicat
507 3986 715 4068 „Terentium
737 3987 868 4051 vincere
884 3987 985 4052 .arte“
1018 3990 1050 4050 et
1077 3981 1298 4060 Quintilianus
1326 3966 1466 4050 fabulas

244 4105 484 4196 elegantissime
507 4123 545 4169 ac
568 4105 784 4170 scientissime
807 4103 923 4170 abillo
947 4103 1147 4188 conscriptas
1177 4122 1248 4168 esse
1278 4105 1454 4169 contendit.

329 4224 392 4305 Sed
421 4222 555 4288 Plautus
584 4228 617 4290 et
657 4222 847 4310 aequalibus
880 4223 1058 4300 satisfecit,
1099 4222 1153 4307 qui
1184 4223 1329 4309 nondum
1363 4227 1456 4290 erant

240 4337 361 4427 imbuti
379 4341 500 4429 litteris
521 4339 669 4421 Graecis,
694 4361 797 4428 neque
819 4342 887 4408 iam
908 4340 1020 4424 lingua
1041 4340 1121 4406 satio
1145 4346 1216 4406 erat
1238 4341 1390 4424 exculta,
1421 4346 1457 4406 ut

227 4463 400 4548 aelegantia
421 4433 536 4546 ,Attica
557 4459 650 4536 reddi
680 4465 802 4545 posset.
846 4459 914 4527 Nee
936 4481 1012 4526 vero
1045 4459 1373 4545 praetermittendum
1409 4465 1457 4525 est
