3238 5124
709 337 1002 401 ...24-

253 509 355 574 seruit
376 513 482 592 poeta,
506 508 562 574 ubi
585 508 730 594 obliquas
754 516 997 593 exspectamus,
1021 510 1057 576 id
1081 514 1166 596 quod
1176 516 1349 600 praecipue
1372 515 1408 580 fit
1429 517 1467 580 in

256 628 532 693 enuntiationibus
553 629 799 710 interrogativis
811 629 855 715 1):

320 758 362 810 'v.
386 745 425 809 57
450 745 651 830 Rogitabant
673 747 760 812 hioin
782 746 927 816 Achilles
954 756 1011 816 est.
1043 750 1107 816 280
1129 751 1243 818 Nescis
1266 757 1302 817 tu
1323 751 1468 816 fortasse

250 873 328 952 aput
358 887 417 931 nos
442 865 570 930 facinus
603 867 687 951 quod
717 872 862 932 natumst
892 888 1019 933 novom.
1066 870 1147 934 1041
1179 871 1262 948 Quid
1288 891 1374 936 nuno
1404 868 1467 934 tibi

229 986 307 1062 vis,
330 985 457 1063 mulier,
479 1004 633 1050 memora.
1008 1055 1010 1060 ,

345 1104 452 1168 Aliter
504 1123 579 1168 vero
633 1124 685 1170 res
737 1124 810 1170 sese
861 1103 978 1184 habet,
1039 1127 1111 1175 cum
1162 1112 1255 1176 iuxta
1303 1111 1469 1193 ponuntur

249 1226 331 1290 duae
374 1225 611 1290 enuntiationes
652 1227 826 1311 primariae
876 1227 910 1292 in
958 1231 1104 1298 oratione
1147 1237 1253 1311 recta,
1310 1227 1365 1292 ubi
1408 1245 1468 1291 ex-

249 1352 427 1428 spectatur,
452 1344 589 1412 alteram
612 1364 632 1408 a
654 1345 755 1430 priori
778 1365 837 1429 per
867 1323 1042 1431 obliquam*
1063 1349 1243 1414 orationem
1272 1344 1468 1432 dependere.

247 1463 339 1558 Quod
361 1439 503 1529 maxime
525 1484 587 1528 usu
608 1464 699 1530 venit
720 1463 755 1532 in
768 1462 875 1532 verbis
890 1464 1005 1550 ,‚faeio,
1021 1465 1129 1550 credo,
1153 1443 1237 1546 amo,
1260 1443 1385 1553 opinor,
1408 1482 1468 1548 op-

247 1583 351 1663 secro,
377 1586 531 1668 quaeso“,
554 1582 637 1649 aliis.
660 1581 828 1650 Ponuntur
851 1561 961 1649 autem
982 1583 1062 1652 haee
1085 1585 1185 1651 verba
1202 1585 1298 1650 modo
1321 1585 1357 1652 in
1377 1581 1470 1670 prin-

248 1701 332 1786 cipio
357 1702 601 1783 enuntiationis
622 1702 717 1766 modo
740 1703 773 1767 in
794 1703 866 1782 fine,
889 1687 985 1770 modo
1004 1703 1216 1792 παρενθὲτως
1230 1699 1469 1782 inseruntur²)‚

249 1793 301 1885 ut:
324 1821 388 1886 ‘201
413 1840 470 1888 eor
492 1822 588 1888 oredo
612 1826 818 1888 evocaturust
840 1821 941 1887 foras.
984 1824 1048 1888 309
1071 1822 1175 1888 Credo
1197 1821 1306 1888 hercle
1329 1820 1387 1884 has
1411 1838 1470 1884 su-

247 1917 360 2004 stollat
384 1938 474 2006 aedis
497 1945 593 2006 totas.
627 1939 698 2026 ,367
723 1938 832 2006 Oculis
866 1941 990 2006 carebis
1014 1940 1122 2006 eredo.
1166 1941 1227 2006 381
1262 1941 1326 2008 Sed
1349 1937 1468 2004 amabo

250 2059 415 2125 advortite
440 2058 593 2123 animum.
638 2058 702 2125 402
726 2058 774 2123 Ne
802 2064 839 2124 tu
868 2059 978 2126 hercle
1009 2080 1100 2144 sero,
1131 2062 1246 2147 opinor
1272 2058 1468 2143 Resipisoes

250 2177 314 2242 462
345 2177 414 2242 Iam
443 2177 519 2244 faxo
550 2177 603 2242 hio
633 2178 704 2242 erit.
757 2177 839 2243 1058
870 2178 934 2243 Sed
963 2179 1078 2244 amabo
1106 2199 1158 2244 me
1186 2179 1280 2246 mitte
1311 2180 1469 2241 actutum.

249 2296 332 2359 1015
354 2295 421 2361 Iam
444 2296 511 2360 iam
534 2301 586 2362 sat
608 2295 766 2360 amabost.
799 2295 881 2361 1255
903 2295 978 2362 Mea
1001 2295 1220 2383 Milphidippa
1243 2295 1298 2360 adi
1320 2312 1468 2380 opsecro.

249 2416 333 2480 1300
354 2414 438 2491 Quid
460 2413 549 2479 modi
571 2414 675 2484 fiendo
699 2434 821 2500 quaeso
844 2414 939 2482 hodie
962 2415 1072 2481 facies.
1120 2416 1202 2482 1355
1232 2415 1336 2484 immo
1367 2416 1469 2482 hodie

248 2555 360 2600 verum
382 2535 506 2599 factum
526 2532 703 2629 faxopost
726 2535 813 2621 dices
835 2535 951 2616 magis.

332 2654 447 2740 Neque
471 2651 799 2738 praetermittendum
828 2653 907 2720 mihi
936 2652 1084 2732 videtur,
1120 2673 1186 2740 qua
1216 2645 1284 2720 arte
1319 2653 1470 2720 enuntia-

250 2773 354 2839 tiones
377 2771 549 2858 primarias
574 2771 709 2839 Plautus
732 2771 934 2848 formaverit
958 2772 1091 2856 saepius
1116 2773 1210 2850 enim,
1235 2779 1271 2838 ut
1293 2792 1391 2840 unum
1407 2792 1469 2857 po-

248 2891 411 2956 tissimum
435 2889 470 2954 id
494 2909 751 2970 commemorem,
772 2896 870 2976 posta
891 2890 1071 2957 subiectum
1094 2890 1326 2957 enuntiationis
1351 2911 1470 2957 secun-

248 3011 361 3076 dariae
382 3013 488 3074 mutat
509 3010 544 3075 in
566 3007 728 3074 obiectum
751 3009 938 3094 primariae.
950 3009 977 3095 ³)
1023 3009 1331 3094 Comparandisunt
1346 3007 1467 3075 hilooi:

246 3149 276 3193 v.
298 3129 371 3195 340.
415 3129 449 3196 si
473 3149 543 3197 eam
565 3129 661 3211 facio,
682 3133 720 3195 ut
742 3129 830 3195 exire
852 3126 928 3193 hino
950 3127 1063 3195 videas
1085 3106 1196 3196 domo.
1221 3130 1282 3194 917
1316 3129 1377 3207 Qui
1408 3149 1469 3192 no-

246 3249 329 3312 verit
349 3227 401 3314 me
425 3249 498 3334 quis
522 3267 581 3330 ego
604 3249 688 3315 sim?
734 3247 796 3312 988
818 3247 881 3314 Eos
903 3267 990 3314 nuno
1011 3246 1161 3313 homines
1192 3255 1311 3330 metuo,
1344 3267 1383 3312 ne
1406 3267 1466 3332 op·

246 3368 313 3431 sint
333 3367 421 3433 mihi.
446 3366 528 3438 1036
551 3366 660 3434 Viden
681 3372 717 3432 tu
739 3368 909 3448 ignavom,
940 3370 976 3430 ut
998 3385 1071 3432 sese
1102 3364 1227 3433 infert?
1274 3365 1355 3431 1246
1385 3364 1468 3432 Pro-

246 3490 361 3569 pterea
382 3485 492 3552 Venus
513 3486 596 3572 facit
616 3505 698 3567 eam,
721 3490 758 3550 ut
779 3484 951 3552 divinaret.

328 3605 374 3670 Et
397 3605 549 3690 quoniam
573 3605 797 3673 aouratissime
826 3603 860 3669 in
890 3622 1041 3668 sermone
1073 3602 1190 3669 Latino
1221 3601 1466 3670 enuntiationes

245 3695 495 3806 coniunguntur,
519 3722 801 3794 coniunctionibus
824 3722 906 3807 ipsis
930 3720 1183 3802 demonstratur,
1206 3741 1302 3806 quem
1329 3720 1372 3786 ad
1393 3741 1465 3786 mo-

245 3841 319 3905 dum
345 3843 584 3910 enuntiationes
607 3836 692 3911 inter
716 3861 787 3912 sese
820 3840 1024 3908 cohaereant.
1070 3841 1104 3907 Si
1134 3859 1209 3905 vero
1242 3839 1464 3936 enuntiatione

246 3961 392 4045 sequenti
424 3961 502 4027 nihi]
545 3962 591 4043 fit,
623 3961 688 4030 nisi
720 3959 931 4030 confirmatur
963 3943 1189 4042 argumentum
1229 3957 1461 4024 enuntiationis

242 4079 482 4164 praecedentis,
502 4102 566 4146 uno
589 4079 747 4146 vocabulo
771 4079 839 4158 solo
862 4079 1095 4145 enuntiationis
1117 4077 1341 4163 praecedentis
1363 4095 1463 4158 argu-

310 4285 337 4350 1)
348 4283 457 4336 Holtze:
472 4286 588 4350 syntaxis
605 4279 685 4350 prisc.
701 4285 823 4351 scriptor.
832 4281 917 4336 Latin.
933 4298 1014 4350 neque
1032 4281 1064 4334 ad
1080 4281 1226 4334 Terentium
1240 4280 1292 4336 vol.
1300 4281 1327 4332 ΙΙ
1335 4297 1395 4348 pag.
1403 4280 1463 4338 236.

308 4368 337 4434 2)
356 4371 403 4422 cir.
422 4369 529 4422 Holtze:
549 4374 615 4436 synt.
634 4371 714 4440 prisc.
734 4370 825 4438 script.
844 4368 902 4420 Lat.
922 4383 1003 4435 usque
1022 4367 1053 4418 ad
1072 4368 1218 4419 Terentium
1236 4366 1288 4420 vol.
1308 4367 1379 4435 ILp.
1399 4367 1459 4419 227.

311 4454 339 4519 3)
360 4455 407 4508 cfr.
427 4455 535 4536 110110οε
555 4459 625 4523 synt
642 4458 722 4526 prisc.
744 4457 834 4531 script,
854 4454 912 4507 Lot.
932 4469 1012 4522 usque
1031 4453 1061 4504 ad
1082 4453 1231 4506 Terentium
1250 4452 1300 4504 vol.
1321 4451 1354 4508 11.
1365 4467 1390 4519 p.
1399 4449 1459 4504 222.
