3238 5124
728 383 1077 464 -44-Ι

270 558 365 632 dunt,
386 577 450 620 non
472 576 546 620 raro
572 575 590 619 4
612 554 726 620 Plauto
748 567 1009 641 postponuntur,
1052 562 1088 627 id
1110 566 1195 648 quod
1219 566 1360 633 occurrit
1392 574 1425 632 et
1455 571 1487 634 in

270 677 547 742 enuntiationibus
572 675 860 758 conditionalibus,
884 679 951 743 cfr:

354 817 382 860 v.
406 793 665 876 1441444444
690 796 806 875 dicam,
830 795 856 859 si
880 815 920 860 ex
943 817 994 863 me
1018 803 1167 886 exquiret
1182 805 1292 872 miles.
1321 804 1384 868 416
1408 805 1486 882 Quis

269 933 326 994 ego
351 934 422 978 sum
444 914 556 995 igitur,
580 915 607 978 si
630 915 713 980 hunc
736 916 890 997 ignoras?
921 918 985 982 444
1020 920 1066 985 At
1097 923 1161 986 iam
1200 923 1378 1010 crepabunt
1409 921 1488 986 mibi

191 1011 194 1016 ¹
268 1052 384 1098 uranus
413 1032 518 1096 malae
555 1033 616 1097 tibi
647 1034 717 1098 Nisi
741 1054 793 1099 me
825 1033 958 1100 omittis.
1003 1039 1067 1102 452
1090 1041 1133 1106 Te
1155 1062 1317 1128 nusquam
1346 1041 1489 1122 mittam,

268 1151 332 1214 nisi
356 1151 413 1214 das
436 1150 598 1215 firmatam
625 1150 731 1216 fidem.
774 1153 839 1216 454
861 1151 909 1216 Do
935 1153 1053 1234 fidem,
1087 1160 1115 1222 si
1141 1163 1275 1226 omittis.
1321 1161 1404 1225 1139
1427 1159 1489 1224 Fa-

271 1268 330 1332 cile
353 1271 438 1335 istuc
461 1271 644 1356 quidemst,
668 1273 696 1336 si
720 1278 752 1336 et
774 1271 831 1336 illa
853 1272 939 1351 vult,
964 1275 1072 1340 441114
1095 1285 1204 1344 autem
1228 1282 1338 1366 cupit3

354 1393 443 1456 etin
467 1390 741 1458 enuntiationibus
764 1393 1009 1476 temporalibus,
1034 1398 1097 1462 cfr:

354 1528 384 1574 v.
410 1511 478 1577 195.
520 1511 695 1596 Paulisper
714 1505 811 1590 tace,
829 1509 997 1595 Dumego
1021 1515 1100 1580 mihi
1122 1519 1261 1583 consilia
1290 1519 1324 1582 in
1347 1517 1489 1581 animum

271 1647 413 1694 convoco
439 1636 469 1695 44
493 1631 577 1695 (1444
596 1629 740 1696 consulo.
784 1631 848 1696 213
870 1631 1045 1717 Nunquam
1067 1633 1164 1701 hodie
1188 1638 1352 1721 quiescet,
1384 1635 1490 1719 prius-

271 1767 367 1832 quam
391 1751 424 1814 id
448 1751 533 1834 quod
555 1751 650 1835 petit,
673 1749 855 1835 perfecerit.

355 1867 505 1950 Plautus,
540 1889 735 1956 quamquam
759 1875 912 1940 nontam
937 1872 1130 1938 artificiosas
1161 1875 1313 1958 periodos
1345 1879 1382 1938 ut
1412 1875 1492 1938 scri-

269 1993 380 2070 ptores
402 1990 566 2074 pedestris
590 1991 759 2072 sermonis,
784 1992 843 2056 sed
866 1989 1058 2076 plerumque
1076 1996 1315 2063 enuntiationes
1326 1991 1492 2077 simplices

270 2110 470 2191 composuit,
505 2114 616 2179 tamen
639 2113 708 2176 iam
738 2131 836 2200 saepe
875 2112 1117 2180 enuntiationes
1148 2117 1306 2200 quasdam
1336 2113 1411 2185 41114
1446 2111 1495 2177 444

270 2227 468 2307 immiscuit,
497 2238 532 2295 ut
556 2222 761 2300 omniafere
786 2231 1047 2296 enuntiationum
1071 2233 1337 2300 secundariorum
1373 2251 1493 2314 genera

269 2350 550 2416 enuntiationibus
585 2352 753 2435 primariis
787 2354 911 2416 inserta
940 2351 1157 2419 inveniantur.
1220 2355 1289 2432 Qua
1318 2355 1359 2419 de
1393 2370 1495 2418 causa

270 2486 390 2546 genera
412 2471 540 2552 singula
564 2477 651 2542 certo
676 2473 789 2542 ordine
814 2473 862 2543 ita
886 2472 1137 2566 contemplanda
1146 2473 1225 2540 mihi
1244 2493 1314 2539 esse
1328 2473 1493 2551 existimo,

269 2594 305 2651 ut
326 2609 508 2674 proponam

313 2726 314 2730 ’
354 2731 381 2775 4.
406 2709 645 2778 enuntiationes
669 2711 879 2797 temporales:

254 2873 257 2878 -
354 2853 382 2901 v,
406 2833 468 2897 146
490 2815 575 2896 Nam
597 2833 610 2896 i
632 2833 753 2910 solent,
775 2834 903 2918 quando
916 2834 1104 2914 accubuere,
1127 2834 1183 2898 ubi
1199 2851 1279 2898 cena
1294 2831 1494 2917 adpositast,

269 2935 403 3016 dicere(
433 2953 495 3018 938
517 2951 566 3016 Ne
589 2951 679 3037 quid,
705 2952 760 3018 ubi
785 2954 878 3020 miles
902 2956 1036 3036 venerit,
1059 2954 1228 3024 titubetur.

353 3072 382 3137 b.
408 3074 649 3140 enuntiationes
673 3074 841 3141 causales:

352 3214 381 3262 v,
404 3193 447 3257 to
469 3174 514 3258 114
536 3191 739 3278 peditastelli
762 3193 838 3279 quia
861 3199 955 3259 erant
978 3195 1039 3259 sivi
1060 3195 1220 3261 viverent.

352 3312 413 3376 129
435 3313 504 3395 Ego
529 3315 682 3398 quoniam
703 3315 832 3399 inspexi
855 3314 1001 3380 mulieris
1026 3317 1221 3383 sententiam
1237 3314 1314 3400 Cepi
1337 3313 1495 3383 tabellas..

352 3448 378 3493 c.
403 3435 642 3499 enuntiationes
666 3435 890 3500 concessivae:
935 3489 938 3494 .

351 3569 380 3612 v.
406 3551 467 3614 168
490 3549 578 3616 Haut
600 3550 719 3616 multos
742 3549 906 3632 hominen,
937 3554 966 3617 si
998 3552 1177 3636 optandum
1199 3553 1300 3629 foret,
1323 3551 1421 3619 Nunc
1445 3553 1494 3621 vi·

265 3669 342 3730 dere
366 3673 397 3732 et
421 3673 591 3734 convenire
615 3691 711 3756 quam
733 3675 766 3735 44
789 3669 969 3736 mavellem,
1001 3671 1062 3736 194
1082 3671 1151 3752 Ego
1173 3671 1278 3736 istaec
1303 3669 1333 3734 si
1358 3671 1424 3736 erit
1438 3669 1494 3735 hic

263 3787 429 3853 nuntiabo.
453 3788 516 3853 292
541 3789 658 3854 Verum
682 3791 767 3854 enim
790 3796 825 3854 tu
846 3792 954 3870 istam,
977 3790 1005 3854 si
1028 3794 1060 3855 te
1083 3790 1116 3855 di
1139 3793 1258 3864 ament,
1282 3793 1407 3854 temere
1426 3787 1494 3853 hau

264 3906 360 3972 lotias
383 3909 538 3974 fatuam.
584 3911 646 3976 aec
670 3911 893 3987 sirmundum,
917 3911 945 3975 st
967 3909 1052 3974 falso
1077 3894 1258 3986 insimulas,
1279 3907 1494 3975 Philocoma-

264 4029 346 4091 sinm
359 4028 565 4113 bocperieris.

346 4147 409 4212 458
432 4149 532 4213 lmmo
557 4149 587 4213 vi
619 4155 717 4232 atque
752 4149 889 4213 invitam
924 4147 1076 4230 ingratiis
1107 4147 1178 4212 Nisi
1208 4145 1378 4211 uoluntate
1416 4145 1495 4221 ibis,

264 4269 390 4350 rapiam
414 4272 446 4331 te
469 4269 611 4336 domurn,
656 4269 720 4332 569
742 4269 790 4332 Ne
812 4275 847 4333 tu
869 4266 997 4348 hercle,
1030 4267 1114 4330 4444
1137 4266 1170 4329 di
1193 4271 1313 4344 ament,
1338 4262 1492 4348 linguam

264 4388 468 4471 comprimes.
514 4388 575 4452 709
605 4385 645 4451 Ei
668 4386 727 4452 tibi
750 4391 827 4451 sunt
849 4388 969 4468 gemini
992 4391 1024 4452 et
1056 4385 1234 4467 trigemini,
1275 4385 1303 4448 si
1338 4388 1373 4448 te
1407 4383 1496 4472 beno
1598 4455 1599 4484 ,

266 4509 385 4583 ament,
411 4505 478 4571 filii.
524 4505 665 4574 1148141
690 4525 749 4572 nos
774 4507 814 4572 ad
838 4511 880 4586 te,
902 4507 930 4570 si
955 4503 1034 4594 quid
1057 4503 1168 4585 velles,
1192 4504 1355 4572 venimus.
1442 4495 1444 4500 ’
