<?xml version="1.0" encoding="UTF-8"?>
<!DOCTYPE html PUBLIC "-//W3C//DTD XHTML 1.0 Transitional//EN"
    "http://www.w3.org/TR/xhtml1/DTD/xhtml1-transitional.dtd">
<html xmlns="http://www.w3.org/1999/xhtml" xml:lang="en" lang="en">
 <head>
  <title>
</title>
<meta http-equiv="Content-Type" content="text/html;charset=utf-8" />
  <meta name='ocr-system' content='tesseract 3.04.00' />
  <meta name='ocr-capabilities' content='ocr_page ocr_carea ocr_par ocr_line ocrx_word'/>
</head>
<body>
  <div class='ocr_page' id='page_1' title='image "./plautiinvocabul00schugoog_0020.png"; bbox 0 0 3238 5124; ppageno 0'>
   <div class='ocr_carea' id='block_1_1' title="bbox 603 371 902 434">
    <p class='ocr_par' dir='ltr' id='par_1_1' title="bbox 603 371 902 434">
     <span class='ocr_line' id='line_1_1' title="bbox 603 371 902 434; baseline -0.013 -12"><span class='ocrx_word' id='word_1_1' title='bbox 603 371 902 434; x_wconf 75' lang='lat'>...15....</span> 
     </span>
    </p>
   </div>
   <div class='ocr_carea' id='block_1_2' title="bbox 144 533 1358 754">
    <p class='ocr_par' dir='ltr' id='par_1_2' title="bbox 144 533 1358 754">
     <span class='ocr_line' id='line_1_2' title="bbox 227 533 1358 641; baseline -0.026 -16"><span class='ocrx_word' id='word_1_2' title='bbox 227 558 272 624; x_wconf 80' lang='lat' dir='ltr'>Ar</span> <span class='ocrx_word' id='word_1_3' title='bbox 293 569 451 641; x_wconf 78' lang='lat' dir='ltr'>persaepe</span> <span class='ocrx_word' id='word_1_4' title='bbox 478 549 525 629; x_wconf 91' lang='lat' dir='ltr'>tit,</span> <span class='ocrx_word' id='word_1_5' title='bbox 552 552 593 610; x_wconf 89' lang='lat' dir='ltr'>ut</span> <span class='ocrx_word' id='word_1_6' title='bbox 625 533 774 610; x_wconf 83' lang='lat' dir='ltr'>ultimum</span> <span class='ocrx_word' id='word_1_7' title='bbox 806 558 932 627; x_wconf 89' lang='lat' dir='ltr'>quoque</span> <span class='ocrx_word' id='word_1_8' title='bbox 960 538 1067 604; x_wconf 90' lang='lat' dir='ltr'>looum</span> <span class='ocrx_word' id='word_1_9' title='bbox 1096 533 1256 602; x_wconf 88' lang='lat' dir='ltr'>vocabula</span> <span class='ocrx_word' id='word_1_10' title='bbox 1283 551 1358 619; x_wconf 88' lang='lat' dir='ltr'>pre-</span> 
     </span>
     <span class='ocr_line' id='line_1_3' title="bbox 144 655 1356 754; baseline -0.024 -10"><span class='ocrx_word' id='word_1_11' title='bbox 144 677 265 744; x_wconf 87' lang='lat' dir='ltr'>menda</span> <span class='ocrx_word' id='word_1_12' title='bbox 284 676 425 748; x_wconf 82' lang='lat' dir='ltr'>teneant,</span> <span class='ocrx_word' id='word_1_13' title='bbox 449 685 547 754; x_wconf 88' lang='lat' dir='ltr'>quare</span> <span class='ocrx_word' id='word_1_14' title='bbox 570 685 642 731; x_wconf 85' lang='lat' dir='ltr'>cum</span> <span class='ocrx_word' id='word_1_15' title='bbox 664 660 812 747; x_wconf 81' lang='lat' dir='ltr'>emphasi</span> <span class='ocrx_word' id='word_1_16' title='bbox 836 657 974 745; x_wconf 87' lang='lat' dir='ltr'>quadem</span> <span class='ocrx_word' id='word_1_17' title='bbox 995 655 1172 723; x_wconf 82' lang='lat' dir='ltr'>memoriae</span> <span class='ocrx_word' id='word_1_18' title='bbox 1194 671 1356 719; x_wconf 87' lang='lat' dir='ltr'>commen-</span> 
     </span>
    </p>
   </div>
   <div class='ocr_carea' id='block_1_3' title="bbox 146 797 1358 986">
    <p class='ocr_par' dir='ltr' id='par_1_3' title="bbox 146 797 1358 986">
     <span class='ocr_line' id='line_1_4' title="bbox 146 797 276 862; baseline -0.054 1"><span class='ocrx_word' id='word_1_19' title='bbox 146 797 276 862; x_wconf 86' lang='lat' dir='ltr'>dantur.</span> 
     </span>
     <span class='ocr_line' id='line_1_5' title="bbox 238 894 1358 986; baseline -0.022 -6"><span class='ocrx_word' id='word_1_20' title='bbox 238 911 409 981; x_wconf 85' lang='lat' dir='ltr'>Nonnullis</span> <span class='ocrx_word' id='word_1_21' title='bbox 455 913 565 975; x_wconf 87' lang='lat' dir='ltr'>autem</span> <span class='ocrx_word' id='word_1_22' title='bbox 601 907 731 970; x_wconf 89' lang='lat' dir='ltr'>tantum</span> <span class='ocrx_word' id='word_1_23' title='bbox 771 897 932 986; x_wconf 80' lang='lat' dir='ltr'>exemplis</span> <span class='ocrx_word' id='word_1_24' title='bbox 973 894 1203 962; x_wconf 77' lang='lat' dir='ltr'>demonstrabo</span> <span class='ocrx_word' id='word_1_25' title='bbox 1246 909 1358 958; x_wconf 90' lang='lat' dir='ltr'>omnes</span> 
     </span>
    </p>
   </div>
   <div class='ocr_carea' id='block_1_4' title="bbox 144 1011 1368 3480">
    <p class='ocr_par' dir='ltr' id='par_1_4' title="bbox 144 1011 1362 1818">
     <span class='ocr_line' id='line_1_6' title="bbox 145 1011 1356 1117; baseline -0.023 -14"><span class='ocrx_word' id='word_1_26' title='bbox 145 1035 304 1102; x_wconf 87' lang='lat' dir='ltr'>enuntiati</span> <span class='ocrx_word' id='word_1_27' title='bbox 338 1035 450 1117; x_wconf 89' lang='lat' dir='ltr'>partes</span> <span class='ocrx_word' id='word_1_28' title='bbox 485 1025 584 1094; x_wconf 87' lang='lat' dir='ltr'>etiam</span> <span class='ocrx_word' id='word_1_29' title='bbox 615 1028 760 1088; x_wconf 86' lang='lat' dir='ltr'>extremo</span> <span class='ocrx_word' id='word_1_30' title='bbox 793 1018 865 1084; x_wconf 90' lang='lat' dir='ltr'>loco</span> <span class='ocrx_word' id='word_1_31' title='bbox 896 1016 1048 1084; x_wconf 88' lang='lat' dir='ltr'>collocari</span> <span class='ocrx_word' id='word_1_32' title='bbox 1077 1033 1185 1102; x_wconf 88' lang='lat' dir='ltr'>posse,</span> <span class='ocrx_word' id='word_1_33' title='bbox 1214 1016 1251 1078; x_wconf 88' lang='lat' dir='ltr'>nt</span> <span class='ocrx_word' id='word_1_34' title='bbox 1274 1031 1303 1077; x_wconf 92' lang='lat' dir='ltr'>v.</span> <span class='ocrx_word' id='word_1_35' title='bbox 1324 1011 1356 1074; x_wconf 90' lang='grc'>4.</span> 
     </span>
     <span class='ocr_line' id='line_1_7' title="bbox 144 1133 1360 1240; baseline -0.023 -18"><span class='ocrx_word' id='word_1_36' title='bbox 144 1154 370 1240; x_wconf 84' lang='lat' dir='ltr'>Praestringat</span> <span class='ocrx_word' id='word_1_37' title='bbox 407 1145 574 1214; x_wconf 90' lang='lat' dir='ltr'>oculorum</span> <span class='ocrx_word' id='word_1_38' title='bbox 602 1142 705 1208; x_wconf 89' lang='lat' dir='ltr'>aciem</span> <span class='ocrx_word' id='word_1_39' title='bbox 733 1141 769 1206; x_wconf 88' lang='lat' dir='ltr'>in</span> <span class='ocrx_word' id='word_1_40' title='bbox 790 1137 872 1204; x_wconf 83' lang='lat' dir='ltr'>acie</span> <span class='ocrx_word' id='word_1_41' title='bbox 903 1135 1061 1202; x_wconf 85' lang='lat' dir='ltr'>hostibus.</span> <span class='ocrx_word' id='word_1_42' title='bbox 1092 1133 1360 1200; x_wconf 83' lang='lat' dir='ltr'>1661tassnex</span> 
     </span>
     <span class='ocr_line' id='line_1_8' title="bbox 145 1248 1361 1342; baseline -0.025 -1"><span class='ocrx_word' id='word_1_43' title='bbox 145 1252 227 1342; x_wconf 90' lang='lat' dir='ltr'>talos</span> <span class='ocrx_word' id='word_1_44' title='bbox 261 1270 339 1338; x_wconf 90' lang='lat' dir='ltr'>elidi</span> <span class='ocrx_word' id='word_1_45' title='bbox 359 1265 455 1334; x_wconf 86' lang='lat' dir='ltr'>iussit</span> <span class='ocrx_word' id='word_1_46' title='bbox 486 1262 655 1331; x_wconf 85' lang='lat' dir='ltr'>conservis</span> <span class='ocrx_word' id='word_1_47' title='bbox 680 1259 772 1326; x_wconf 88' lang='lat' dir='ltr'>meis.</span> <span class='ocrx_word' id='word_1_48' title='bbox 804 1257 864 1322; x_wconf 83' lang='grc'>188</span> <span class='ocrx_word' id='word_1_49' title='bbox 891 1253 992 1322; x_wconf 87' lang='lat' dir='ltr'>Estne</span> <span class='ocrx_word' id='word_1_50' title='bbox 1023 1256 1197 1321; x_wconf 86' lang='lat' dir='ltr'>advorsum</span> <span class='ocrx_word' id='word_1_51' title='bbox 1223 1249 1277 1315; x_wconf 88' lang='lat' dir='ltr'>hie</span> <span class='ocrx_word' id='word_1_52' title='bbox 1307 1248 1361 1334; x_wconf 93' lang='lat' dir='ltr'>qui</span> 
     </span>
     <span class='ocr_line' id='line_1_9' title="bbox 146 1367 1362 1460; baseline -0.023 0"><span class='ocrx_word' id='word_1_53' title='bbox 146 1394 234 1460; x_wconf 89' lang='lat' dir='ltr'>venit</span> <span class='ocrx_word' id='word_1_54' title='bbox 254 1389 446 1458; x_wconf 85' lang='lat' dir='ltr'>Palaestrio.</span> <span class='ocrx_word' id='word_1_55' title='bbox 471 1384 530 1448; x_wconf 87' lang='grc'>181</span> <span class='ocrx_word' id='word_1_56' title='bbox 554 1402 588 1448; x_wconf 86' lang='lat' dir='ltr'>se</span> <span class='ocrx_word' id='word_1_57' title='bbox 612 1384 647 1444; x_wconf 90' lang='lat' dir='ltr'>ut</span> <span class='ocrx_word' id='word_1_58' title='bbox 668 1377 802 1444; x_wconf 89' lang='lat' dir='ltr'>videant</span> <span class='ocrx_word' id='word_1_59' title='bbox 824 1376 911 1441; x_wconf 93' lang='lat' dir='ltr'>domi</span> <span class='ocrx_word' id='word_1_60' title='bbox 933 1373 1122 1440; x_wconf 83' lang='lat' dir='ltr'>familiares.</span> <span class='ocrx_word' id='word_1_61' title='bbox 1136 1372 1198 1437; x_wconf 79' lang='grc'>241</span> <span class='ocrx_word' id='word_1_62' title='bbox 1215 1371 1244 1434; x_wconf 89' lang='lat' dir='ltr'>si</span> <span class='ocrx_word' id='word_1_63' title='bbox 1262 1367 1362 1434; x_wconf 89' lang='lat' dir='ltr'>illanc</span> 
     </span>
     <span class='ocr_line' id='line_1_10' title="bbox 147 1485 1361 1579; baseline -0.024 0"><span class='ocrx_word' id='word_1_64' title='bbox 147 1511 398 1579; x_wconf 81' lang='lat' dir='ltr'>concriminatus</span> <span class='ocrx_word' id='word_1_65' title='bbox 421 1505 464 1571; x_wconf 89' lang='lat' dir='ltr'>sit</span> <span class='ocrx_word' id='word_1_66' title='bbox 485 1502 660 1568; x_wconf 86' lang='lat' dir='ltr'>advorsum</span> <span class='ocrx_word' id='word_1_67' title='bbox 681 1495 818 1562; x_wconf 90' lang='lat' dir='ltr'>militem</span> <span class='ocrx_word' id='word_1_68' title='bbox 840 1494 931 1562; x_wconf 88' lang='lat' dir='ltr'>Meus</span> <span class='ocrx_word' id='word_1_69' title='bbox 955 1487 1141 1560; x_wconf 82' lang='lat' dir='ltr'>conservos.</span> <span class='ocrx_word' id='word_1_70' title='bbox 1165 1490 1229 1554; x_wconf 89' lang='lat'>310</span> <span class='ocrx_word' id='word_1_71' title='bbox 1244 1485 1361 1553; x_wconf 87' lang='lat' dir='ltr'>mussi-</span> 
     </span>
     <span class='ocr_line' id='line_1_11' title="bbox 144 1610 1362 1716; baseline -0.023 -17"><span class='ocrx_word' id='word_1_72' title='bbox 144 1633 221 1700; x_wconf 86' lang='lat' dir='ltr'>tabo</span> <span class='ocrx_word' id='word_1_73' title='bbox 257 1629 364 1716; x_wconf 87' lang='lat' dir='ltr'>potius</span> <span class='ocrx_word' id='word_1_74' title='bbox 398 1643 494 1710; x_wconf 89' lang='lat' dir='ltr'>quam</span> <span class='ocrx_word' id='word_1_75' title='bbox 526 1623 686 1686; x_wconf 87' lang='lat' dir='ltr'>inteream</span> <span class='ocrx_word' id='word_1_76' title='bbox 715 1615 810 1682; x_wconf 86' lang='lat' dir='ltr'>male.</span> <span class='ocrx_word' id='word_1_77' title='bbox 849 1614 911 1680; x_wconf 78' lang='lat'>327</span> <span class='ocrx_word' id='word_1_78' title='bbox 951 1612 998 1677; x_wconf 90' lang='lat' dir='ltr'>At</span> <span class='ocrx_word' id='word_1_79' title='bbox 1020 1631 1077 1694; x_wconf 84' lang='lat' dir='ltr'>ego</span> <span class='ocrx_word' id='word_1_80' title='bbox 1099 1610 1148 1677; x_wconf 90' lang='lat' dir='ltr'>illi</span> <span class='ocrx_word' id='word_1_81' title='bbox 1171 1625 1362 1694; x_wconf 88' lang='lat' dir='ltr'>opservasso</span> 
     </span>
     <span class='ocr_line' id='line_1_12' title="bbox 148 1752 239 1818; baseline -0.011 -1"><span class='ocrx_word' id='word_1_82' title='bbox 148 1752 239 1818; x_wconf 78' lang='lat' dir='ltr'>loris</span> 
     </span>
    </p>

    <p class='ocr_par' dir='ltr' id='par_1_5' title="bbox 145 1849 1365 2193">
     <span class='ocr_line' id='line_1_13' title="bbox 232 1849 1364 1949; baseline -0.02 -14"><span class='ocrx_word' id='word_1_83' title='bbox 232 1869 282 1934; x_wconf 84' lang='lat' dir='ltr'>Ea</span> <span class='ocrx_word' id='word_1_84' title='bbox 303 1886 379 1933; x_wconf 92' lang='lat' dir='ltr'>vero</span> <span class='ocrx_word' id='word_1_85' title='bbox 402 1861 605 1949; x_wconf 91' lang='lat' dir='ltr'>potissimum</span> <span class='ocrx_word' id='word_1_86' title='bbox 629 1852 788 1922; x_wconf 88' lang='lat' dir='ltr'>vocabula</span> <span class='ocrx_word' id='word_1_87' title='bbox 809 1855 842 1918; x_wconf 92' lang='lat' dir='ltr'>in</span> <span class='ocrx_word' id='word_1_88' title='bbox 866 1853 928 1918; x_wconf 87' lang='lat' dir='ltr'>fine</span> <span class='ocrx_word' id='word_1_89' title='bbox 961 1849 1121 1916; x_wconf 87' lang='lat' dir='ltr'>enuntiati</span> <span class='ocrx_word' id='word_1_90' title='bbox 1151 1849 1364 1931; x_wconf 86' lang='lat' dir='ltr'>collocantur,</span> 
     </span>
     <span class='ocr_line' id='line_1_14' title="bbox 148 1967 1365 2075; baseline -0.019 -19"><span class='ocrx_word' id='word_1_91' title='bbox 148 2009 229 2075; x_wconf 90' lang='lat' dir='ltr'>quae</span> <span class='ocrx_word' id='word_1_92' title='bbox 251 1984 421 2054; x_wconf 87' lang='lat' dir='ltr'>referende</span> <span class='ocrx_word' id='word_1_93' title='bbox 440 1985 516 2046; x_wconf 91' lang='lat' dir='ltr'>sunt</span> <span class='ocrx_word' id='word_1_94' title='bbox 546 1977 588 2042; x_wconf 91' lang='lat' dir='ltr'>ad</span> <span class='ocrx_word' id='word_1_95' title='bbox 608 1995 657 2057; x_wconf 89' lang='lat' dir='ltr'>ea,</span> <span class='ocrx_word' id='word_1_96' title='bbox 682 1993 763 2060; x_wconf 92' lang='lat' dir='ltr'>quae</span> <span class='ocrx_word' id='word_1_97' title='bbox 789 1971 941 2050; x_wconf 84' lang='lat' dir='ltr'>dicuntur</span> <span class='ocrx_word' id='word_1_98' title='bbox 962 1971 997 2036; x_wconf 89' lang='lat' dir='ltr'>in</span> <span class='ocrx_word' id='word_1_99' title='bbox 1019 1967 1184 2036; x_wconf 90' lang='lat' dir='ltr'>enuntiato</span> <span class='ocrx_word' id='word_1_100' title='bbox 1208 1968 1365 2057; x_wconf 88' lang='lat' dir='ltr'>sequenti,</span> 
     </span>
     <span class='ocr_line' id='line_1_15' title="bbox 145 2104 472 2193; baseline -0.031 -19"><span class='ocrx_word' id='word_1_101' title='bbox 145 2109 180 2174; x_wconf 89' lang='lat' dir='ltr'>id</span> <span class='ocrx_word' id='word_1_102' title='bbox 203 2106 292 2193; x_wconf 87' lang='lat' dir='ltr'>quod</span> <span class='ocrx_word' id='word_1_103' title='bbox 313 2104 472 2186; x_wconf 82' lang='lat' dir='ltr'>legimus:</span> 
     </span>
    </p>

    <p class='ocr_par' dir='ltr' id='par_1_6' title="bbox 146 2205 1367 2671">
     <span class='ocr_line' id='line_1_16' title="bbox 234 2205 1365 2308; baseline -0.019 -17"><span class='ocrx_word' id='word_1_104' title='bbox 234 2225 274 2290; x_wconf 88' lang='lat' dir='ltr'>V.</span> <span class='ocrx_word' id='word_1_105' title='bbox 297 2225 348 2290; x_wconf 90' lang='grc'>96.</span> <span class='ocrx_word' id='word_1_106' title='bbox 373 2216 535 2308; x_wconf 88' lang='lat' dir='ltr'>quomodo</span> <span class='ocrx_word' id='word_1_107' title='bbox 559 2216 601 2282; x_wconf 89' lang='lat' dir='ltr'>ad</span> <span class='ocrx_word' id='word_1_108' title='bbox 629 2213 715 2279; x_wconf 90' lang='lat' dir='ltr'>hunc</span> <span class='ocrx_word' id='word_1_109' title='bbox 745 2211 930 2278; x_wconf 88' lang='lat' dir='ltr'>advenerim</span> <span class='ocrx_word' id='word_1_110' title='bbox 959 2208 996 2274; x_wconf 92' lang='lat' dir='ltr'>ln</span> <span class='ocrx_word' id='word_1_111' title='bbox 1024 2208 1213 2274; x_wconf 89' lang='lat' dir='ltr'>servitutem</span> <span class='ocrx_word' id='word_1_112' title='bbox 1244 2205 1285 2272; x_wconf 91' lang='lat' dir='ltr'>ab</span> <span class='ocrx_word' id='word_1_113' title='bbox 1317 2225 1365 2271; x_wconf 90' lang='lat' dir='ltr'>eo.</span> 
     </span>
     <span class='ocr_line' id='line_1_17' title="bbox 154 2326 1366 2429; baseline -0.02 -15"><span class='ocrx_word' id='word_1_114' title='bbox 154 2346 214 2414; x_wconf 89' lang='lat'>118</span> <span class='ocrx_word' id='word_1_115' title='bbox 237 2343 379 2429; x_wconf 82' lang='lat' dir='ltr'>Oapiunt</span> <span class='ocrx_word' id='word_1_116' title='bbox 400 2338 582 2426; x_wconf 83' lang='lat' dir='ltr'>praedones</span> <span class='ocrx_word' id='word_1_117' title='bbox 605 2351 721 2396; x_wconf 90' lang='lat' dir='ltr'>navem</span> <span class='ocrx_word' id='word_1_118' title='bbox 743 2328 846 2395; x_wconf 85' lang='lat' dir='ltr'>illam.</span> <span class='ocrx_word' id='word_1_119' title='bbox 868 2329 929 2395; x_wconf 85' lang='lat'>158</span> <span class='ocrx_word' id='word_1_120' title='bbox 954 2345 1040 2392; x_wconf 90' lang='lat' dir='ltr'>nune</span> <span class='ocrx_word' id='word_1_121' title='bbox 1063 2327 1143 2392; x_wconf 91' lang='lat' dir='ltr'>adeo</span> <span class='ocrx_word' id='word_1_122' title='bbox 1175 2326 1265 2391; x_wconf 90' lang='lat' dir='ltr'>edico</span> <span class='ocrx_word' id='word_1_123' title='bbox 1297 2345 1366 2391; x_wconf 90' lang='lat' dir='ltr'>om·</span> 
     </span>
     <span class='ocr_line' id='line_1_18' title="bbox 146 2445 1367 2541; baseline -0.019 -9"><span class='ocrx_word' id='word_1_124' title='bbox 146 2465 252 2532; x_wconf 90' lang='lat' dir='ltr'>nibus.</span> <span class='ocrx_word' id='word_1_125' title='bbox 274 2461 338 2527; x_wconf 82' lang='lat'>496</span> <span class='ocrx_word' id='word_1_126' title='bbox 366 2459 435 2541; x_wconf 81' lang='lat' dir='ltr'>Ego</span> <span class='ocrx_word' id='word_1_127' title='bbox 466 2451 647 2521; x_wconf 90' lang='lat' dir='ltr'>auscultem</span> <span class='ocrx_word' id='word_1_128' title='bbox 678 2449 759 2515; x_wconf 81' lang='lat' dir='ltr'>tibia</span> <span class='ocrx_word' id='word_1_129' title='bbox 802 2447 1007 2536; x_wconf 82' lang='lat' dir='ltr'>Expurigare</span> <span class='ocrx_word' id='word_1_130' title='bbox 1037 2445 1110 2511; x_wconf 91' lang='lat' dir='ltr'>volo</span> <span class='ocrx_word' id='word_1_131' title='bbox 1141 2464 1203 2510; x_wconf 89' lang='lat' dir='ltr'>me.</span> <span class='ocrx_word' id='word_1_132' title='bbox 1234 2445 1297 2510; x_wconf 80' lang='grc'>790</span> <span class='ocrx_word' id='word_1_133' title='bbox 1328 2463 1367 2509; x_wconf 88' lang='lat' dir='ltr'>ea</span> 
     </span>
     <span class='ocr_line' id='line_1_19' title="bbox 146 2565 1062 2671; baseline -0.024 -21"><span class='ocrx_word' id='word_1_134' title='bbox 146 2604 246 2671; x_wconf 88' lang='lat' dir='ltr'>porro</span> <span class='ocrx_word' id='word_1_135' title='bbox 269 2579 358 2646; x_wconf 88' lang='lat' dir='ltr'>mihi.</span> <span class='ocrx_word' id='word_1_136' title='bbox 381 2574 523 2669; x_wconf 79' lang='grc'>983111</span> <span class='ocrx_word' id='word_1_137' title='bbox 546 2574 622 2636; x_wconf 91' lang='lat' dir='ltr'>sunt</span> <span class='ocrx_word' id='word_1_138' title='bbox 644 2567 716 2634; x_wconf 91' lang='lat' dir='ltr'>ludi</span> <span class='ocrx_word' id='word_1_139' title='bbox 736 2566 883 2632; x_wconf 86' lang='lat' dir='ltr'>faciundi</span> <span class='ocrx_word' id='word_1_140' title='bbox 904 2565 993 2632; x_wconf 87' lang='lat' dir='ltr'>mibi.</span> <span class='ocrx_word' id='word_1_141' title='bbox 1058 2581 1062 2588; x_wconf 86' lang='grc'><strong>’</strong></span> 
     </span>
    </p>

    <p class='ocr_par' dir='ltr' id='par_1_7' title="bbox 148 2683 1368 3021">
     <span class='ocr_line' id='line_1_20' title="bbox 232 2683 1368 2772; baseline -0.019 -4"><span class='ocrx_word' id='word_1_142' title='bbox 232 2701 309 2768; x_wconf 84' lang='lat' dir='ltr'>Alia</span> <span class='ocrx_word' id='word_1_143' title='bbox 332 2698 417 2764; x_wconf 88' lang='lat' dir='ltr'>ratio</span> <span class='ocrx_word' id='word_1_144' title='bbox 447 2691 608 2760; x_wconf 85' lang='lat' dir='ltr'>enuntiati</span> <span class='ocrx_word' id='word_1_145' title='bbox 631 2692 742 2772; x_wconf 87' lang='lat' dir='ltr'>partes</span> <span class='ocrx_word' id='word_1_146' title='bbox 766 2686 925 2772; x_wconf 89' lang='lat' dir='ltr'>quasdam</span> <span class='ocrx_word' id='word_1_147' title='bbox 948 2704 1046 2770; x_wconf 83' lang='lat' dir='ltr'>quam</span> <span class='ocrx_word' id='word_1_148' title='bbox 1077 2685 1218 2749; x_wconf 84' lang='lat' dir='ltr'>maxime</span> <span class='ocrx_word' id='word_1_149' title='bbox 1252 2683 1368 2748; x_wconf 83' lang='lat' dir='ltr'>distin-</span> 
     </span>
     <span class='ocr_line' id='line_1_21' title="bbox 148 2803 1368 2906; baseline -0.016 -18"><span class='ocrx_word' id='word_1_150' title='bbox 148 2821 268 2906; x_wconf 81' lang='lat' dir='ltr'>guendi</span> <span class='ocrx_word' id='word_1_151' title='bbox 281 2839 320 2884; x_wconf 88' lang='lat' dir='ltr'>ea</span> <span class='ocrx_word' id='word_1_152' title='bbox 341 2820 400 2894; x_wconf 92' lang='lat' dir='ltr'>est,</span> <span class='ocrx_word' id='word_1_153' title='bbox 422 2824 459 2880; x_wconf 93' lang='lat' dir='ltr'>ut</span> <span class='ocrx_word' id='word_1_154' title='bbox 480 2808 640 2877; x_wconf 90' lang='lat' dir='ltr'>vocabula</span> <span class='ocrx_word' id='word_1_155' title='bbox 662 2805 826 2888; x_wconf 78' lang='lat' dir='ltr'>iungenda</span> <span class='ocrx_word' id='word_1_156' title='bbox 848 2809 1048 2890; x_wconf 86' lang='lat' dir='ltr'>separentur,</span> <span class='ocrx_word' id='word_1_157' title='bbox 1077 2823 1138 2888; x_wconf 89' lang='lat' dir='ltr'>quo</span> <span class='ocrx_word' id='word_1_158' title='bbox 1162 2803 1308 2885; x_wconf 87' lang='lat' dir='ltr'>efficitur,</span> <span class='ocrx_word' id='word_1_159' title='bbox 1330 2808 1368 2868; x_wconf 85' lang='lat' dir='ltr'>ut</span> 
     </span>
     <span class='ocr_line' id='line_1_22' title="bbox 150 2922 1174 3021; baseline -0.021 -14"><span class='ocrx_word' id='word_1_160' title='bbox 150 2938 321 3012; x_wconf 88' lang='lat' dir='ltr'>vocabula,</span> <span class='ocrx_word' id='word_1_161' title='bbox 345 2953 427 3021; x_wconf 90' lang='lat' dir='ltr'>quae</span> <span class='ocrx_word' id='word_1_162' title='bbox 450 2932 652 3016; x_wconf 88' lang='lat' dir='ltr'>separantur,</span> <span class='ocrx_word' id='word_1_163' title='bbox 676 2923 874 3006; x_wconf 82' lang='lat' dir='ltr'>gravissime</span> <span class='ocrx_word' id='word_1_164' title='bbox 896 2941 968 2988; x_wconf 88' lang='lat' dir='ltr'>esse</span> <span class='ocrx_word' id='word_1_165' title='bbox 990 2922 1174 2988; x_wconf 90' lang='lat' dir='ltr'>videantur.</span> 
     </span>
    </p>

    <p class='ocr_par' dir='ltr' id='par_1_8' title="bbox 155 3039 1368 3260">
     <span class='ocr_line' id='line_1_23' title="bbox 234 3039 1368 3138; baseline -0.017 -15"><span class='ocrx_word' id='word_1_166' title='bbox 234 3057 398 3138; x_wconf 82' lang='lat' dir='ltr'>Persaepe</span> <span class='ocrx_word' id='word_1_167' title='bbox 421 3051 505 3116; x_wconf 91' lang='lat' dir='ltr'>enim</span> <span class='ocrx_word' id='word_1_168' title='bbox 529 3044 700 3122; x_wconf 89' lang='lat' dir='ltr'>voeabula,</span> <span class='ocrx_word' id='word_1_169' title='bbox 734 3043 849 3132; x_wconf 90' lang='lat' dir='ltr'>quibus</span> <span class='ocrx_word' id='word_1_170' title='bbox 871 3044 960 3108; x_wconf 90' lang='lat' dir='ltr'>notio</span> <span class='ocrx_word' id='word_1_171' title='bbox 991 3039 1132 3107; x_wconf 87' lang='lat' dir='ltr'>subiecti</span> <span class='ocrx_word' id='word_1_172' title='bbox 1154 3041 1368 3128; x_wconf 81' lang='lat' dir='ltr'>componitur,</span> 
     </span>
     <span class='ocr_line' id='line_1_24' title="bbox 155 3138 1327 3260; baseline -0.03 -16"><span class='ocrx_word' id='word_1_173' title='bbox 155 3179 248 3260; x_wconf 86' lang='lat' dir='ltr'>longe</span> <span class='ocrx_word' id='word_1_174' title='bbox 271 3175 404 3252; x_wconf 87' lang='lat' dir='ltr'>distant,</span> <span class='ocrx_word' id='word_1_175' title='bbox 450 3169 563 3236; x_wconf 90' lang='lat' dir='ltr'>sicuti:</span> <span class='ocrx_word' id='word_1_176' title='bbox 1323 3138 1327 3146; x_wconf 72' lang='grc'>’</span> 
     </span>
    </p>

    <p class='ocr_par' dir='ltr' id='par_1_9' title="bbox 150 3281 1368 3480">
     <span class='ocr_line' id='line_1_25' title="bbox 248 3281 1368 3359; baseline -0.013 0"><span class='ocrx_word' id='word_1_177' title='bbox 248 3293 287 3359; x_wconf 88' lang='lat' dir='ltr'>V.</span> <span class='ocrx_word' id='word_1_178' title='bbox 328 3293 387 3357; x_wconf 90' lang='lat'>111</span> <span class='ocrx_word' id='word_1_179' title='bbox 438 3309 514 3354; x_wconf 89' lang='lat' dir='ltr'>nam</span> <span class='ocrx_word' id='word_1_180' title='bbox 556 3287 584 3350; x_wconf 87' lang='lat' dir='ltr'>is</span> <span class='ocrx_word' id='word_1_181' title='bbox 629 3284 717 3350; x_wconf 90' lang='lat' dir='ltr'>illius</span> <span class='ocrx_word' id='word_1_182' title='bbox 757 3283 857 3349; x_wconf 89' lang='lat' dir='ltr'>filiam</span> <span class='ocrx_word' id='word_1_183' title='bbox 897 3281 1023 3349; x_wconf 86' lang='lat' dir='ltr'>Gonioit</span> <span class='ocrx_word' id='word_1_184' title='bbox 1065 3283 1100 3347; x_wconf 91' lang='lat' dir='ltr'>in</span> <span class='ocrx_word' id='word_1_185' title='bbox 1145 3300 1262 3347; x_wconf 88' lang='lat' dir='ltr'>navem</span> <span class='ocrx_word' id='word_1_186' title='bbox 1306 3281 1368 3345; x_wconf 90' lang='lat' dir='ltr'>mi-</span> 
     </span>
     <span class='ocr_line' id='line_1_26' title="bbox 150 3397 1365 3480; baseline -0.016 1"><span class='ocrx_word' id='word_1_187' title='bbox 150 3416 197 3480; x_wconf 86' lang='lat' dir='ltr'>les</span> <span class='ocrx_word' id='word_1_188' title='bbox 229 3413 313 3479; x_wconf 91' lang='lat' dir='ltr'>clam</span> <span class='ocrx_word' id='word_1_189' title='bbox 334 3415 474 3475; x_wconf 89' lang='lat' dir='ltr'>matrem</span> <span class='ocrx_word' id='word_1_190' title='bbox 512 3423 614 3470; x_wconf 88' lang='lat' dir='ltr'>suam.</span> <span class='ocrx_word' id='word_1_191' title='bbox 686 3403 748 3468; x_wconf 87' lang='grc'>149</span> <span class='ocrx_word' id='word_1_192' title='bbox 788 3401 870 3468; x_wconf 87' lang='lat' dir='ltr'>haec</span> <span class='ocrx_word' id='word_1_193' title='bbox 906 3402 1045 3467; x_wconf 88' lang='lat' dir='ltr'>duarum</span> <span class='ocrx_word' id='word_1_194' title='bbox 1083 3399 1178 3466; x_wconf 90' lang='lat' dir='ltr'>hodie</span> <span class='ocrx_word' id='word_1_195' title='bbox 1217 3397 1365 3464; x_wconf 91' lang='lat' dir='ltr'>invicem.</span> 
     </span>
    </p>
   </div>
   <div class='ocr_carea' id='block_1_5' title="bbox 13 3515 1368 3618">
    <p class='ocr_par' dir='ltr' id='par_1_10' title="bbox 13 3515 1368 3618">
     <span class='ocr_line' id='line_1_27' title="bbox 13 3515 1368 3618; baseline -0.017 -13"><span class='ocrx_word' id='word_1_196' title='bbox 13 3609 15 3618; x_wconf 65' lang='grc'><em>,</em></span> <span class='ocrx_word' id='word_1_197' title='bbox 150 3537 192 3602; x_wconf 89' lang='grc' dir='ltr'>Ε1</span> <span class='ocrx_word' id='word_1_198' title='bbox 233 3531 311 3598; x_wconf 87' lang='lat' dir='ltr'>hino</span> <span class='ocrx_word' id='word_1_199' title='bbox 355 3534 387 3596; x_wconf 92' lang='lat' dir='ltr'>et</span> <span class='ocrx_word' id='word_1_200' title='bbox 422 3523 514 3591; x_wconf 90' lang='lat' dir='ltr'>illinc</span> <span class='ocrx_word' id='word_1_201' title='bbox 555 3521 673 3586; x_wconf 90' lang='lat' dir='ltr'>mulier</span> <span class='ocrx_word' id='word_1_202' title='bbox 714 3521 797 3586; x_wconf 85' lang='lat' dir='ltr'>feret</span> <span class='ocrx_word' id='word_1_203' title='bbox 837 3518 1022 3603; x_wconf 82' lang='lat' dir='ltr'>imaginem.</span> <span class='ocrx_word' id='word_1_204' title='bbox 1074 3517 1135 3584; x_wconf 81' lang='grc'>178</span> <span class='ocrx_word' id='word_1_205' title='bbox 1185 3515 1244 3584; x_wconf 84' lang='grc'>1111</span> <span class='ocrx_word' id='word_1_206' title='bbox 1289 3518 1368 3583; x_wconf 89' lang='lat' dir='ltr'>milri</span> 
     </span>
    </p>
   </div>
   <div class='ocr_carea' id='block_1_6' title="bbox 148 3637 1372 4566">
    <p class='ocr_par' dir='ltr' id='par_1_11' title="bbox 148 3637 1371 4329">
     <span class='ocr_line' id='line_1_28' title="bbox 155 3637 1368 3731; baseline -0.017 -11"><span class='ocrx_word' id='word_1_207' title='bbox 155 3643 267 3722; x_wconf 83' lang='lat' dir='ltr'>abiens</span> <span class='ocrx_word' id='word_1_208' title='bbox 289 3651 337 3715; x_wconf 88' lang='lat' dir='ltr'>ita</span> <span class='ocrx_word' id='word_1_209' title='bbox 357 3643 538 3731; x_wconf 87' lang='lat' dir='ltr'>respondit.</span> <span class='ocrx_word' id='word_1_210' title='bbox 562 3643 626 3706; x_wconf 82' lang='lat'>228</span> <span class='ocrx_word' id='word_1_211' title='bbox 648 3639 729 3705; x_wconf 81' lang='lat' dir='ltr'>Tute</span> <span class='ocrx_word' id='word_1_212' title='bbox 751 3637 812 3706; x_wconf 92' lang='lat' dir='ltr'>hoc</span> <span class='ocrx_word' id='word_1_213' title='bbox 835 3639 864 3704; x_wconf 92' lang='lat' dir='ltr'>si</span> <span class='ocrx_word' id='word_1_214' title='bbox 886 3659 969 3704; x_wconf 89' lang='lat' dir='ltr'>unus</span> <span class='ocrx_word' id='word_1_215' title='bbox 988 3638 1133 3723; x_wconf 89' lang='lat' dir='ltr'>recipere</span> <span class='ocrx_word' id='word_1_216' title='bbox 1156 3637 1197 3703; x_wconf 88' lang='lat' dir='ltr'>ad</span> <span class='ocrx_word' id='word_1_217' title='bbox 1220 3641 1258 3704; x_wconf 78' lang='lat' dir='ltr'>te&#39;</span> <span class='ocrx_word' id='word_1_218' title='bbox 1275 3637 1368 3702; x_wconf 89' lang='lat' dir='ltr'>diois.</span> 
     </span>
     <span class='ocr_line' id='line_1_29' title="bbox 149 3756 1369 3850; baseline -0.016 -11"><span class='ocrx_word' id='word_1_219' title='bbox 149 3773 213 3839; x_wconf 80' lang='grc'>249</span> <span class='ocrx_word' id='word_1_220' title='bbox 236 3769 413 3835; x_wconf 87' lang='lat' dir='ltr'>Trecentae</span> <span class='ocrx_word' id='word_1_221' title='bbox 435 3765 574 3850; x_wconf 87' lang='lat' dir='ltr'>possunt</span> <span class='ocrx_word' id='word_1_222' title='bbox 597 3775 714 3825; x_wconf 86' lang='lat' dir='ltr'>causae</span> <span class='ocrx_word' id='word_1_223' title='bbox 737 3757 866 3841; x_wconf 81' lang='lat' dir='ltr'>conligi.</span> <span class='ocrx_word' id='word_1_224' title='bbox 888 3758 951 3822; x_wconf 75' lang='grc'>269</span> <span class='ocrx_word' id='word_1_225' title='bbox 973 3756 1059 3823; x_wconf 88' lang='lat' dir='ltr'>fores</span> <span class='ocrx_word' id='word_1_226' title='bbox 1082 3762 1277 3842; x_wconf 80' lang='lat' dir='ltr'>crepuerunt</span> <span class='ocrx_word' id='word_1_227' title='bbox 1291 3774 1369 3821; x_wconf 89' lang='lat' dir='ltr'>nos-</span> 
     </span>
     <span class='ocr_line' id='line_1_30' title="bbox 150 3874 1368 3962; baseline -0.014 -5"><span class='ocrx_word' id='word_1_228' title='bbox 150 3897 222 3957; x_wconf 90' lang='lat' dir='ltr'>trae</span> <span class='ocrx_word' id='word_1_229' title='bbox 253 3887 315 3954; x_wconf 79' lang='grc'>278</span> <span class='ocrx_word' id='word_1_230' title='bbox 339 3891 376 3952; x_wconf 90' lang='lat' dir='ltr'>tu</span> <span class='ocrx_word' id='word_1_231' title='bbox 401 3883 464 3950; x_wconf 85' lang='lat' dir='ltr'>sali</span> <span class='ocrx_word' id='word_1_232' title='bbox 488 3879 587 3946; x_wconf 86' lang='lat' dir='ltr'>solus.</span> <span class='ocrx_word' id='word_1_233' title='bbox 610 3874 790 3943; x_wconf 79' lang='grc'>28411111</span> <span class='ocrx_word' id='word_1_234' title='bbox 821 3881 974 3944; x_wconf 87' lang='lat' dir='ltr'>sectatu&#39;s</span> <span class='ocrx_word' id='word_1_235' title='bbox 1004 3876 1096 3941; x_wconf 88' lang='lat' dir='ltr'>nihili</span> <span class='ocrx_word' id='word_1_236' title='bbox 1127 3895 1266 3962; x_wconf 88' lang='lat' dir='ltr'>nequam</span> <span class='ocrx_word' id='word_1_237' title='bbox 1294 3875 1368 3941; x_wconf 90' lang='lat' dir='ltr'>bes-</span> 
     </span>
     <span class='ocr_line' id='line_1_31' title="bbox 148 3984 1371 4083; baseline -0.014 -8"><span class='ocrx_word' id='word_1_238' title='bbox 148 4011 240 4077; x_wconf 89' lang='lat' dir='ltr'>tiam.</span> <span class='ocrx_word' id='word_1_239' title='bbox 263 4007 326 4072; x_wconf 83' lang='lat'>433</span> <span class='ocrx_word' id='word_1_240' title='bbox 349 4005 439 4083; x_wconf 85' lang='lat' dir='ltr'>Quae</span> <span class='ocrx_word' id='word_1_241' title='bbox 471 4007 502 4068; x_wconf 89' lang='lat' dir='ltr'>te</span> <span class='ocrx_word' id='word_1_242' title='bbox 532 3996 747 4082; x_wconf 89' lang='lat' dir='ltr'>intemperiae</span> <span class='ocrx_word' id='word_1_243' title='bbox 777 4000 900 4063; x_wconf 87' lang='lat' dir='ltr'>tenent.</span> <span class='ocrx_word' id='word_1_244' title='bbox 923 3993 985 4062; x_wconf 80' lang='lat'>653</span> <span class='ocrx_word' id='word_1_245' title='bbox 1008 3995 1067 4062; x_wconf 91' lang='lat' dir='ltr'>Tui</span> <span class='ocrx_word' id='word_1_246' title='bbox 1089 3984 1221 4081; x_wconf 62' lang='lat' dir='ltr'>quidem</span> <span class='ocrx_word' id='word_1_247' title='bbox 1250 3993 1371 4080; x_wconf 87' lang='lat' dir='ltr'>edepol</span> 
     </span>
     <span class='ocr_line' id='line_1_32' title="bbox 151 4111 1370 4197; baseline -0.013 -4"><span class='ocrx_word' id='word_1_248' title='bbox 151 4145 264 4194; x_wconf 90' lang='lat' dir='ltr'>omnes</span> <span class='ocrx_word' id='word_1_249' title='bbox 286 4115 394 4190; x_wconf 87' lang='lat' dir='ltr'>mores</span> <span class='ocrx_word' id='word_1_250' title='bbox 419 4119 462 4188; x_wconf 91' lang='lat' dir='ltr'>ad</span> <span class='ocrx_word' id='word_1_251' title='bbox 486 4121 688 4184; x_wconf 89' lang='lat' dir='ltr'>venustatem</span> <span class='ocrx_word' id='word_1_252' title='bbox 712 4115 830 4182; x_wconf 88' lang='lat' dir='ltr'>valent.</span> <span class='ocrx_word' id='word_1_253' title='bbox 854 4112 917 4181; x_wconf 82' lang='grc'>709</span> <span class='ocrx_word' id='word_1_254' title='bbox 938 4115 979 4182; x_wconf 86' lang='lat' dir='ltr'>Ei</span> <span class='ocrx_word' id='word_1_255' title='bbox 1002 4119 1078 4180; x_wconf 90' lang='lat' dir='ltr'>sunt</span> <span class='ocrx_word' id='word_1_256' title='bbox 1107 4113 1226 4197; x_wconf 81' lang='lat' dir='ltr'>gemini</span> <span class='ocrx_word' id='word_1_257' title='bbox 1257 4120 1289 4179; x_wconf 88' lang='lat' dir='ltr'>et</span> <span class='ocrx_word' id='word_1_258' title='bbox 1311 4111 1370 4180; x_wconf 87' lang='lat' dir='ltr'>tri·</span> 
     </span>
     <span class='ocr_line' id='line_1_33' title="bbox 148 4235 728 4329; baseline -0.026 -15"><span class='ocrx_word' id='word_1_259' title='bbox 148 4246 279 4329; x_wconf 82' lang='lat' dir='ltr'>gemini,</span> <span class='ocrx_word' id='word_1_260' title='bbox 302 4247 330 4309; x_wconf 90' lang='lat' dir='ltr'>si</span> <span class='ocrx_word' id='word_1_261' title='bbox 353 4250 385 4310; x_wconf 90' lang='lat' dir='ltr'>te</span> <span class='ocrx_word' id='word_1_262' title='bbox 406 4242 487 4308; x_wconf 89' lang='lat' dir='ltr'>bene</span> <span class='ocrx_word' id='word_1_263' title='bbox 509 4237 641 4310; x_wconf 85' lang='lat' dir='ltr'>habent,</span> <span class='ocrx_word' id='word_1_264' title='bbox 663 4235 728 4300; x_wconf 86' lang='lat' dir='ltr'>filii.</span> 
     </span>
    </p>

    <p class='ocr_par' dir='ltr' id='par_1_12' title="bbox 148 4353 1372 4566">
     <span class='ocr_line' id='line_1_34' title="bbox 233 4353 1372 4439; baseline -0.013 -8"><span class='ocrx_word' id='word_1_265' title='bbox 233 4361 411 4430; x_wconf 88' lang='lat' dir='ltr'>Vocabulis</span> <span class='ocrx_word' id='word_1_266' title='bbox 444 4380 481 4426; x_wconf 92' lang='lat' dir='ltr'>eo</span> <span class='ocrx_word' id='word_1_267' title='bbox 519 4357 616 4422; x_wconf 87' lang='lat' dir='ltr'>modo</span> <span class='ocrx_word' id='word_1_268' title='bbox 648 4353 809 4439; x_wconf 86' lang='lat' dir='ltr'>separatis</span> <span class='ocrx_word' id='word_1_269' title='bbox 838 4355 1044 4422; x_wconf 87' lang='lat' dir='ltr'>intercedunt</span> <span class='ocrx_word' id='word_1_270' title='bbox 1074 4373 1145 4419; x_wconf 89' lang='lat' dir='ltr'>eum</span> <span class='ocrx_word' id='word_1_271' title='bbox 1182 4354 1372 4438; x_wconf 88' lang='lat' dir='ltr'>pronomina</span> 
     </span>
     <span class='ocr_line' id='line_1_35' title="bbox 148 4477 854 4566; baseline -0.017 -17"><span class='ocrx_word' id='word_1_272' title='bbox 148 4493 258 4549; x_wconf 88' lang='lat' dir='ltr'>cetera</span> <span class='ocrx_word' id='word_1_273' title='bbox 278 4488 348 4548; x_wconf 92' lang='lat' dir='ltr'>tum</span> <span class='ocrx_word' id='word_1_274' title='bbox 372 4497 554 4566; x_wconf 89' lang='lat' dir='ltr'>pronomen</span> <span class='ocrx_word' id='word_1_275' title='bbox 578 4477 761 4562; x_wconf 85' lang='lat' dir='ltr'>personale,</span> <span class='ocrx_word' id='word_1_276' title='bbox 784 4479 854 4540; x_wconf 90' lang='lat' dir='ltr'>ut:·</span> 
     </span>
    </p>
   </div>
   <div class='ocr_carea' id='block_1_7' title="bbox 0 0 1638 5124">
    <p class='ocr_par' dir='ltr' id='par_1_13' title="bbox 0 0 1638 5124">
     <span class='ocr_line' id='line_1_36' title="bbox 0 0 1638 5124; baseline 0 0"><span class='ocrx_word' id='word_1_277' title='bbox 0 0 1638 5124; x_wconf 95' lang='lat' dir='ltr'> </span> 
     </span>
    </p>
   </div>
  </div>
 </body>
</html>
