3238 5124
639 401 912 462 ..7-

246 576 296 642 Ee
316 574 490 661 praecipue
512 570 662 657 exempla
693 570 786 654 elegi,
816 570 931 657 quibus
962 570 1156 638 ostenditur.
1190 568 1249 636 ille
1276 571 1389 660 anien

163 695 230 760 tivo
252 695 461 780 potissimum
484 691 699 758 substantivis
721 692 885 776 postponi,
907 690 985 776 quio
1007 689 1131 769 veliis,
1161 709 1243 776 quoe
1269 709 1385 756 secun·

160 820 233 897 tur,
276 815 492 890 definiuntur,
525 810 576 878 vel
606 832 671 880 uno
708 809 970 902 compluribusvo
1003 810 1138 902 syllabis
1174 809 1386 896 productiora

163 909 240 1002 suunt
262 933 480 1002 substantivo.

245 1053 321 1120 Alia
336 1074 412 1120 vero
437 1053 601 1120 edieotiva
625 1052 675 1120 vol
697 1057 938 1139 postponuntur
960 1053 1013 1119 vel
1039 1056 1283 1138 anteponuntur
1305 1051 1382 1120 sub·

161 1175 321 1252 stamine,
353 1176 387 1241 id
421 1176 506 1262 quod
538 1175 783 1262 comparatione
816 1173 1060 1260 exemplorum,
1095 1193 1179 1261 quoe
1217 1176 1381 1254 secuntur,

160 1293 335 1358 manifesto
359 1300 506 1381 apparet3
528 1313 605 1360 nam
627 1287 877 1379 saepo'invorso
901 1293 1014 1359 ordine
1041 1311 1140 1360 onum
1173 1293 1381 1380 complurave

148 1411 322 1490 ¹adiectiua
343 1414 392 1480 ite
412 1415 522 1510 posuit
543 1416 651 1499 poete,
673 1418 710 1478 ut
731 1411 935 1478 substantivo
958 1412 1164 1480 antecedunt.

242 1531 394 1614 Legimus
422 1533 517 1600 onim:

243 1649 281 1717 V.
302 1653 323 1717 3
344 1656 500 1719 conserta
521 1671 630 1717 manu.
661 1651 702 1716 83
735 1651 852 1716 festivo
888 1649 971 1717 loco.
996 1649 1059 1716 134
1079 1654 1254 1736 paternum
1286 1669 1379 1715 suum

158 1768 333 1857 hospitem.
377 1773 438 1836 174
479 1775 628 1836 nostrum
660 1769 853 1856 inpluvium.
885 1769 949 1835 202
982 1769 1110 1835 laevem
1140 1753 1281 1836 manum.
1315 1767 1379 1834 226
1442 1827 1446 1833 .

158 1887 302 1954 onlidnm
324 1888 509 1955 consilium.
530 1891 592 1954 247
615 1888 746 1954 doctum
770 1887 891 1955 dolum.
912 1888 975 1954 257
997 1889 1129 1970 gemino
1158 1906 1278 1954 sorore
1312 1887 1376 1954 266

157 2015 332 2074 certares.
361 2009 425 2073 294
445 2011 536 2073 tuum
566 2005 813 2093 stultiloquium.
842 2007 905 2074 336
927 2006 1041 2073 erilem
1064 2006 1286 2074 concubinam.
1310 2007 1371 2075 331

153 2123 279 2190 nullum
301 2131 524 2191 commeatum.
548 2127 613 2191 410
633 2123 795 2210 Ephesiae
826 2125 960 2192 Dionae.
983 2127 1048 2192 415
1071 2125 1160 2192 erilis
1185 2124 1374 2196 concubino.

153 2243 218 2309 460
253 2245 351 2310 istam
383 2245 524 2310 domum.
557 2244 620 2310 457
651 2249 766 2310 nostra
794 2243 883 2310 erilis
914 2243 1103 2310 concubine.
1133 2244 1197 2309 664
1229 2261 1374 2312 summae

155 2361 377 2428 sollicitudini.
409 2361 474 2428 665
495 2368 586 2429 tento
608 2363 764 2448 sumptui.

237 2480 572 2563 daemoniacorum,
595 2481 681 2567 quod
705 2481 911 2566 componitur
936 2499 1008 2546 oum
1040 2479 1263 2564 compluribus
1294 2481 1372 2546 sub·

153 2600 306 2667 stantivis
328 2599 379 2666 his
400 2605 433 2666 et
454 2601 662 2686 anteponitur
687 2607 720 2666 et
740 2599 959 2686 postponitur.

237 2720 340 2798 Quam
362 2719 403 2785 ad
425 2738 494 2784 rem
518 2719 774 2785 confirmandam
798 2717 898 2784 offero
921 2717 1012 2784 locos
1033 2716 1150 2786 hosce:

235 2839 275 2905 V.
303 2839 369 2906 500
399 2839 433 2904 di
470 2840 613 2926 deaeque
636 2857 757 2904 omnes.
789 2839 854 2904 614
886 2857 1055 2924 meumque
1085 2857 1147 2904 cor·
1176 2855 1367 2923 corpusque.

91 3049 92 3052 Ἴ
152 2958 214 3024 667
239 2957 322 3023 bono
345 2956 476 3043 hospite
498 2963 594 3042 atque
619 2956 735 3024 amico.
1281 3017 1284 3024 .

235 3075 271 3142 Si
292 3096 367 3142 voro
391 3075 454 3141 duo
484 3076 655 3158 adieetiva,
687 3095 769 3162 quoe
799 3075 841 3142 od
875 3094 973 3140 unum
1006 3074 1156 3160 idemque
1185 3071 1367 3147 substanti-

155 3207 231 3258 vum
253 3193 449 3278 referuntur,
471 3196 618 3278 urgenda
639 3200 724 3275 sunt,
747 3193 884 3261 ultorum
907 3195 1117 3280 anteponitur
1149 3193 1365 3276 substantivo,

148 3311 358 3396 postponitur
379 3312 527 3378 alterum.
572 3313 691 3380 Sicuti:

233 3429 272 3496 V.
295 3431 358 3497 269
386 3429 437 3498 his
466 3428 571 3496 oculis
602 3431 693 3496 mois.
727 3432 789 3498 317
823 3431 922 3498 istum
956 3431 1102 3513 linguam
1136 3431 1363 3520 largiloquam.

146 3549 210 3614 382
237 3569 311 3615 mea
340 3569 432 3621 soror
467 3551 628 3633 geminast
663 3569 829 3633 germana.
866 3550 936 3616 386.
964 3550 1102 3616 eandem
1140 3551 1362 3636 suspicionem

146 3687 343 3734 maxumum.
371 3670 436 3736 390
456 3688 529 3738 mou
559 3687 653 3736 soror
687 3671 825 3753 gemina.
848 3669 913 3742 631,
934 3669 1085 3739 amoenis.
1109 3667 1241 3737 rebuset
1270 3669 1362 3736 volu-

145 3787 276 3874 ptariis.
382 3795 385 3800 ’
582 3769 584 3773 ’
655 3878 657 3883 Ι

239 3905 441 3972 Pronomine
469 3906 727 3974 demonstrativo
761 3909 830 3974 fers
858 3925 989 3992 sempor
1015 3911 1093 3974 anto
1124 3905 1364 3974 substantivum

149 4025 348 4092 collocentur
369 4030 500 4112 praetor
529 4045 578 4098 oo,
612 4044 695 4112 quae
728 4025 894 4095 vocabulis
931 4025 1141 4112 sequentibus
1177 4025 1363 4094 accuratius

148 4144 355 4225 deliniuntur,
378 4143 466 4230 quod
487 4144 651 4211 invenitur
671 4143 723 4211 his
744 4143 850 4216 locisz.

230 4261 271 4326 V.
295 4263 355 4328 109
377 4263 474 4330 militi
495 4263 579 4331 huic.
609 4265 670 4331 118
699 4281 816 4330 novom
843 4262 945 4330 illum.
976 4265 1036 4331 159
1063 4265 1166 4332 milito
1192 4263 1265 4331 hoc.
1296 4264 1362 4332 560

145 4386 244 4448 nootu
265 4380 337 4447 hnc.
359 4383 423 4448 904
444 4381 577 4448 anulum
598 4382 692 4448 huno.

228 4498 374 4568 Genitivi
395 4519 483 4582 voro,
506 4503 560 4588 qui
583 4521 603 4568 n
624 4501 752 4570 nomine
775 4501 915 4587 quodum
938 4500 1127 4590 dependent
1148 4521 1221 4568 oum
1252 4501 1367 4578 locum
