3238 5124
726 384 1022 447 ...10-

268 555 310 624 ad
344 557 431 642 quod
466 561 634 642 spectant,
677 563 856 636 oeeurunt,
900 575 964 622 uno
996 554 1146 641 exemplo
1180 557 1214 621 in
1236 555 1302 620 mil.
1325 563 1484 642 excepto:

350 676 389 741 V.
415 677 498 744 1038
519 695 658 761 quanam
679 673 720 740 ab
742 675 895 742 illarum?

351 815 449 880 quam
477 795 580 878 legem
602 795 702 861 etiam
713 795 747 860 in
758 797 874 862 ceteris
885 795 1005 862 fabulis
1019 794 1067 861 ita
1082 793 1421 874 observavitPlautus,
1445 801 1485 862 ut

264 915 544 999 praepositiones:
568 933 637 1000 pro,
660 932 710 997 er,
733 932 802 999 per,
823 920 919 995 inter,
951 923 1095 1001 propter,
1125 933 1213 996 erga,
1231 911 1353 1000 pones,
1381 932 1481 980 voea-

265 1033 353 1113 bulo‚
376 1034 418 1100 ad
441 1033 528 1118 quod
550 1037 712 1118 spectant,
734 1017 906 1118 aliquoties
930 1039 1150 1119 postponeret.
1162 1031 1206 1117 1)Ι

350 1151 557 1218 Adiectivum
578 1150 631 1216 vel
651 1170 832 1238 pronomen
853 1171 1094 1238 nonnumquam
1118 1171 1138 1217 a
1159 1151 1363 1219 substantivo
1384 1157 1484 1238 prae·¹

263 1269 425 1356 positione
448 1275 629 1356 separatur,
653 1269 770 1336 veluti:
795 1292 823 1336 v.
846 1272 910 1337 202
932 1271 1024 1338 laevo
1046 1273 1081 1336 in
1113 1271 1243 1338 femine.
1267 1271 1329 1336 278
1362 1291 1481 1338 manu-

263 1409 353 1454 mum
373 1390 408 1454 in
428 1388 550 1454 malum
571 1390 634 1454 696
655 1409 772 1472 magno
794 1391 829 1454 in
851 1409 978 1472 genere.
1001 1364 1063 1455 764
1085 1391 1188 1469 Quam
1211 1390 1354 1456 adrem.
1593 1477 1594 1480 Ἴ

348 1507 419 1586 Qua
441 1507 654 1574 oollooatione
678 1507 829 1590 affinitur,
860 1513 897 1574 ut
927 1507 1123 1576 adieetivum
1147 1529 1168 1575 a
1188 1508 1395 1578 substantive
1425 1528 1481 1574 se·
1593 1511 1594 1562 ἶ

262 1632 412 1712 paratum
433 1627 505 1712 plus
527 1626 681 1711 ponderis
703 1626 822 1694 habeat
843 1646 883 1694 ae
904 1627 1069 1694 momenti.

345 1744 547 1830 Praepositio
569 1749 676 1811 autem
700 1764 720 1810 a
742 1765 819 1811 oasu
842 1748 989 1832 separari
1008 1750 1120 1832 potest
1143 1747 1300 1814 eomodo
1325 1753 1361 1813 ut
1386 1749 1482 1830 geni·

260 1867 347 1932 tivus
369 1863 563 1944 interoedat,
585 1864 701 1947 veluti:
732 1884 762 1930 v.
792 1865 852 1932 721
884 1887 944 1952 pre
979 1869 1097 1933 merois
1126 1867 1204 1933 vitio
1238 1865 1321 1933 1048
1343 1867 1392 1933 'ab
1427 1868 1477 1932 tui
1593 1957 1594 1964 ἵ

260 1984 415 2072 cupienti.

343 2105 417 2170 Non
438 2122 512 2170 raro
535 2102 689 2168 suffixum
712 2107 818 2189 ‚,que“
839 2103 1014 2170 intercedit
1035 2105 1121 2170 inter
1141 2105 1418 2191 praepositionem
1440 2110 1474 2170 et

257 2242 388 2301 nomen,
410 2221 439 2287 si
459 2224 572 2289 eadem
595 2223 794 2307 praepositio
816 2223 881 2288 ianr
904 2223 1084 2290 anteoedit:

341 2329 456 2406 Vs29.
478 2361 537 2426 per
560 2340 695 2419 corium,
726 2361 786 2427 per
815 2343 951 2424 viscera,
982 2361 1103 2428 perque
1132 2363 1168 2408 os
1198 2341 1371 2428 elephanti.
1410 2343 1478 2408 540

257 2481 316 2548 per
338 2460 417 2526 deos
448 2465 543 2547 atque
571 2459 729 2543 hominen,
764 2481 887 2546 perque
920 2459 1097 2528 stultitiam
1124 2481 1229 2527 meam
1260 2481 1382 2546 perque
1411 2468 1473 2528 tua

258 2598 373 2662 genua.

341 2697 534 2782 Negationes
558 2699 625 2763 fere
654 2718 784 2783 semper
806 2704 920 2766 extant
948 2704 1022 2766 ante
1053 2698 1247 2766 vocabulum
1276 2699 1475 2781 negandum,

256 2819 284 2885 si
308 2824 417 2884 eutem
447 2821 551 2882 totum
575 2817 779 2882 enuntiatum
809 2822 962 2900 negatur,
984 2818 1117 2901 negatio
1146 2819 1181 2882 in
1201 2817 1293 2884 initio
1322 2819 1467 2903 ponitur,
1493 2801 1495 2804 ⁵

254 2938 288 3004 id
311 2938 396 3024 quod
416 2936 611 3002 invenimus:
1314 2927 1317 2931 ’
1420 3021 1423 3028 ¹

339 3054 380 3122 V.
412 3057 484 3124 739.
532 3056 604 3122 Non
627 3057 682 3141 qui
710 3057 755 3122 mi
784 3057 985 3142 imperarent
1008 3057 1166 3140 quibusve
1187 3076 1246 3139 ego
1278 3074 1382 3122 essem
1412 3056 1471 3123 ob·

253 3175 383 3242 noxius.

338 3294 395 3362 Sin
417 3313 493 3358 vero
518 3291 724 3360 enuntiatum
746 3294 1018 3362 exclamationem
1047 3294 1098 3362 vel
1131 3267 1335 3361 devotionem
1365 3312 1467 3378 quan·

253 3414 329 3480 dam
352 3413 505 3492 eontinet,
527 3431 592 3477 non
613 3432 688 3478 raro
712 3418 786 3480 ante
816 3413 1075 3480 interiectionem
1106 3433 1125 3480 a
1154 3412 1269 3479 Plauto
1302 3418 1469 3499 ponuntur

252 3534 442 3624 negationes
464 3531 506 3596 ad
527 3530 761 3600 interiectionis
784 3533 850 3598 vim
872 3535 1102 3619 notionemque
1124 3533 1306 3615 augendam
1337 3535 1369 3598 et
1398 3549 1468 3596 am·

252 3652 471 3740 plifieandam,
494 3649 528 3715 id
552 3649 639 3736 quod
659 3651 795 3734 legitur:

337 3771 377 3836 V.
399 3770 472 3834 485.
496 3769 570 3835 Non
591 3768 700 3836 herele
721 3768 811 3836 hisoe
832 3769 980 3836 homines
1001 3791 1053 3836 me
1076 3788 1209 3850 marem,
1232 3771 1282 3834 set
1311 3767 1465 3834 feminam

252 3889 359 3956 Vicini
393 3894 505 3954 rentur
534 3907 606 3952 esse
635 3889 721 3956 servi
749 3889 872 3956 militis.
903 3891 967 3956 840
996 3890 1070 3956 Non
1099 3887 1216 3974 edepol
1244 3886 1373 3952 faniam.
1403 3885 1468 3952 845

250 4011 323 4076 Non
343 4005 451 4074 herole
474 4011 539 4072 tarn
561 4007 637 4074 istie
659 4007 765 4074 valide
788 4008 963 4075 cassabant
984 4008 1068 4076 uadi.
1155 4077 1157 4080 .

335 4126 517 4192 Memorato
540 4126 658 4209 dignae
684 4127 783 4193 etiam
805 4127 987 4213 particulae
1008 4127 1264 4209 interrogativae
1279 4129 1364 4206 sunt,
1380 4141 1465 4209 quae

248 4247 285 4311 in
304 4245 491 4312 universum
512 4245 548 4310 in
568 4237 660 4312 initio
689 4245 849 4314 enuntiati
877 4252 1055 4333 ponuntur,
1083 4247 1119 4314 id
1151 4247 1236 4332 quod
1266 4264 1463 4334 supervaca-

316 4500 343 4566 1)
362 4498 490 4568 Exempla
508 4515 522 4554 ι
540 4499 665 4555 Lorentio
683 4501 789 4556 collecte
808 4501 866 4555 virle
885 4504 914 4556 iu
929 4507 1019 4556 annot.
1038 4501 1069 4554 ad
1087 4501 1136 4558 loo.
1155 4501 1225 4556 laud.
