3238 5124
627 441 900 503 ..5-

159 612 244 698 qnod
266 611 400 676 Plautus
423 629 520 696 saepo
541 631 628 676 nova
650 615 682 678 et
704 609 810 694 lepide
834 611 911 677 fieta
934 609 1091 678 vocabula
1105 610 1263 693 adhibuit,
1285 631 1372 698 quae

158 749 261 816 neque
284 735 416 815 sumpta
438 735 531 795 orant
552 747 594 794 ex
615 735 809 812 argumento
836 728 980 809 Graeco,
1012 749 1116 816 neque
1146 731 1294 796 derivata
1325 749 1369 794 cn

157 849 337 915 imitatione
359 848 518 914 sermonis
541 849 705 923 cotidiani,
727 851 786 915 sed
807 853 924 934 poetae
953 848 1017 915 soli
1037 847 1210 932 debentur,
1238 849 1293 934 qni
1314 848 1371 912 lu·-

158 967 301 1033 eulenter
324 967 421 1033 scirit
441 966 586 1049 linguam
607 966 724 1034 rudem
744 966 886 1034 erudire.
1331 957 1334 962 ’

239 1083 351 1170 Neque
384 1085 470 1152 enim
498 1085 603 1151 solum
631 1085 736 1152 multa
766 1084 926 1153 vocabula
954 1085 1155 1166 castigandi,
1199 1085 1364 1163 adulandi,
1478 1183 1481 1188 Ι

155 1203 344 1270 blandiendi
366 1206 491 1289 primus
515 1204 644 1271 exhibet
666 1209 773 1290 poeta,
795 1206 853 1271 sed
876 1205 975 1270 otiam
997 1203 1160 1290 permulta
1173 1223 1363 1290 synonyma,

154 1322 421 1402 allitterationes‚
449 1324 569 1406 figuras
600 1322 852 1408 etymologicus,
883 1343 1021 1409 quorum·
1050 1321 1200 1410 exempla
1229 1322 1365 1389 collecta

152 1451 267 1527 postea
287 1441 463 1528 proferam,
486 1442 634 1508 omnibus
657 1443 724 1508 suis
747 1440 866 1508 fabulis
887 1442 1059 1524 ingeniosa
1099 1461 1172 1507 cum
1200 1447 1272 1508 arte
1301 1443 1363 1508 im-

152 1562 289 1627 miscuit.
334 1561 405 1638 Qua
427 1562 466 1627 de
489 1579 590 1626 causa
611 1562 737 1646 optime
761 1562 898 1626 meritus
929 1565 979 1626 est
1012 1558 1146 1626 Plautus
1176 1560 1216 1625 de
1247 1559 1363 1642 lingua

151 1678 278 1758 Latina,
301 1680 379 1765 quia
400 1685 432 1745 et
453 1699 538 1746 nova
559 1679 729 1757 vocabula,
754 1697 890 1764 quorum
912 1678 1017 1744 multa
1038 1678 1073 1744 in
1096 1697 1135 1744 ea·
1163 1683 1278 1764 postea
1309 1698 1362 1742 re-

150 1803 353 1878 manserunt,
375 1800 721 1885 primuseomposuit,
751 1803 783 1863 et
802 1799 912 1862 varias
939 1795 1201 1882 multiplicesque
1232 1797 1366 1864 dicendi·

151 1916 271 1999 figuras
294 1917 450 1984 adhibuit.

234 2036 276 2102 Et
299 2038 449 2122 quoniam
471 2035 551 2104 mibi
571 2035 731 2122 proposui
752 2053 933 2100 sermonem
955 2033 1141 2099 Plautinum
1164 2053 1208 2102 eo
1225 2034 1365 2101 consilio

148 2156 359 2238 perscrutari,
381 2161 418 2220 ut
440 2153 741 2221 artemoollocandi-
756 2151 914 2218 vocabula
931 2153 1234 2238 enuntiatorumque
1249 2158 1360 2240 partes

149 2273 351 2355 investigem,
371 2271 457 2355 elegi
479 2271 637 2352 tabulam,
674 2293 755 2358 quae
785 2270 975 2337 inscribitur
1012 2272 1131 2353 „miles
1159 2272 1359 2354 gloriosus,“

150 2409 231 2475 quae
255 2409 452 2477 quamquam
472 2393 505 2456 in
529 2393 761 2476 compositione
783 2408 881 2474 saepe
894 2391 1088 2474 vituperata,
1109 2397 1221 2456 tamen
1239 2391 1274 2456 in
1289 2411 1358 2458 ser-

148 2529 243 2574 mone
264 2509 430 2574 laudanda
453 2516 511 2586 est,
536 2529 683 2596 quaeque
702 2511 769 2574 iam
791 2511 875 2574 satis·
893 2507 1066 2574 emendata
1088 2513 1120 2574 et
1150 2511 1230 2575 adeo
1263 2511 1358 2575 resti·
1451 2567 1454 2574 ,

148 2634 220 2693 tuta
242 2635 291 2694 est
313 2648 332 2695 a
355 2629 612 2714 corruptelarum
634 2628 801 2708 sortitur,
832 2633 869 2691 ut
890 2631 969 2710 apta
991 2625 1069 2692 mihi
1092 2627 1242 2694 videatur
1275 2647 1362 2706 essa.

149 2767 212 2834 qua
233 2751 376 2814 virtutes.
393 2748 549 2816 sermonis
572 2746 716 2814 Plautini
738 2748 966 2814 demonstrem.

648 3375 778 3483 Pars
812 3361 851 3482 l.

438 3653 489 3738 lie
520 3647 778 3740 uocabulorum
809 3651 1059 3756 collocatione.

229 3966 472 4034 Vocabulorum
509 3970 587 4036 ordo
617 3971 806 4056 plerumque
843 3969 958 4035 eadem
992 3969 1119 4034 ratione
1161 3969 1352 4046 instituitur,

146 4105 211 4170 qua
232 4085 378 4152 homines
400 4087 544 4170 singulas
568 4079 781 4172 cogitationes
805 4090 1000 4171 coniungere
1024 4086 1130 4152 solent
1150 4084 1356 4152 otvocabula

144 4224 181 4270 eo
203 4207 299 4270 modo
322 4225 392 4271 sese
416 4208 593 4293 excipiunt,
617 4228 678 4293 qno
701 4209 743 4274 ad
766 4227 897 4273 sensum
920 4189 1114 4274 cohaerent(

227 4322 316 4390 Haec
349 4344 424 4390 vero
462 4328 646 4405 consecutio
680 4327 714 4391 in
751 4326 897 4391 omnibus
927 4325 1046 4408 linguis
1079 4344 1146 4390 una
1175 4324 1354 4409 cademque

146 4451 241 4522 esset,
263 4443 327 4508 nisi
350 4444 516 4525 cogitandi
538 4445 621 4510 ratio
645 4443 734 4530 apud
756 4445 902 4511 diversas
927 4451 1039 4526 gentes
1063 4443 1193 4509 diversa
1215 4446 1311 4508 esset.

230 4559 267 4626 ln
289 4561 402 4644 lingua
431 4561 550 4630 Latina
583 4563 739 4630 vocabula
772 4564 962 4650 pierumque
993 4563 1042 4630 ita
1071 4561 1286 4640 collocantur,
1319 4565 1355 4628 ut
