3238 5124
562 399 915 482 ,mao-

165 573 358 641 oonveniam
386 569 488 638 illum
518 571 665 638 ubiubist
701 573 868 654 gentium3
905 572 1127 660 investigabo:
1160 591 1278 661 operae
1308 591 1374 640 non

165 712 295 780 parcam
319 713 420 758 meas.

146 891 156 918 ι
247 811 380 878 Plenam
395 813 495 894 igitur
516 809 742 878 esselabulam
755 812 868 879 talium
882 813 1072 899 asyndeton,
1096 833 1178 898 quae
1194 810 1373 879 secondum

163 931 456 1014 Naegelsbaohium
478 929 564 998 falsa
596 932 851 1018 appellavimus,
881 934 1054 1000 manifesto
1084 937 1237 1020 apparet3
1269 950 1374 1016 neque

162 1050 356 1134 negligenda
375 1051 455 1117 mihi
477 1052 605 1119 videtur
627 1073 698 1120 esse
720 1053 830 1138 opinio
854 1074 983 1132 eorum,
1006 1054 1061 1138 qui
1081 1052 1148 1119 illis
1169 1052 1282 1133 figuris
1305 1069 1373 1118 ser-

161 1189 291 1235 monem
320 1171 464 1237 vividum
497 1171 681 1236 auditorum
715 1173 840 1238 animos
870 1171 1077 1240 vehementer
1104 1172 1246 1239 movisse
1276 1177 1373 1259 atque

161 1288 344 1355 oblectasse
365 1289 564 1357 existimant.
609 1290 685 1355 Alia
720 1290 820 1356 etiam
856 1292 1015 1376 asyndeta
1048 1291 1083 1356 in
1115 1289 1246 1375 fabula,
1277 1311 1374 1378 quam

160 1412 352 1480 tractamus,
374 1410 494 1488 insunt,
517 1409 632 1493 quibus
645 1407 795 1492 efficitur,
817 1415 856 1475 ut
876 1411 1020 1478 actiones
1032 1429 1098 1475 non
1110 1412 1293 1492 succedere,
1315 1410 1375 1477 sad

161 1529 255 1612 quasi
275 1546 340 1593 nno
362 1532 527 1593 momento
550 1527 621 1594 fieri
642 1528 830 1612 videantur,
859 1549 942 1616 quae
971 1530 1133 1614 asyndeta
1165 1548 1242 1595 vera
1264 1528 1375 1616 appol.

161 1643 277 1711 lamus.
301 1647 398 1713 Cuius
421 1647 542 1732 figurae
564 1647 675 1715 fabula
697 1649 775 1716 haec
797 1649 932 1735 praebet
956 1644 1122 1736 exempla:

247 1786 278 1830 v.
302 1765 363 1830 129
383 1765 453 1848 Ego
476 1769 628 1854 quoniam
649 1769 780 1854 inspexi
799 1768 946 1835 mulieris
975 1771 1190 1846 sententiam,
1223 1769 1302 1856 Cepi
1324 1775 1375 1836 ta-

161 1881 276 1962 bellas,
293 1886 482 1967 consignavi
505 1885 699 1961 clanculum‚
722 1885 806 1953 Dedi
828 1889 1001 1954 mercatori
1023 1889 1187 1975 quoidam.
1209 1887 1272 1955 201
1295 1888 1376 1956 Pec-

161 2013 213 2070 tus
240 2006 350 2088 digitis
379 2006 501 2089 pultat:
535 2025 591 2070 cor
619 2005 716 2071 oredo
748 2012 957 2074 evocaturust
987 2009 1095 2092 foras,
1127 2009 1213 2076 Ecce
1234 1991 1375 2077 avortit:

161 2125 268 2190 nisam
290 2124 382 2192 laevo
411 2129 445 2193 in
474 2125 593 2192 femine
625 2125 723 2192 habet
750 2126 878 2193 laevam
906 2148 1047 2196 manum.
1091 2128 1235 2197 Dextera
1262 2131 1375 2213 digitis

161 2246 323 2334 rationem
345 2251 529 2332 computat:
573 2247 650 2312 terit
670 2248 776 2312 femur
797 2245 958 2314 Dextrum
980 2250 1097 2316 dextra
1126 2248 1174 2316 ita
1203 2249 1376 2319 vehemen-

161 2369 229 2430 ter:
251 2363 338 2454 quod
360 2370 437 2448 agat
458 2383 555 2449 aegre
577 2366 733 2451 suppetit.
776 2367 972 2453 Concrepuit
992 2369 1120 2452 digitis:
1143 2367 1282 2450 laborat,
1305 2389 1377 2438 cra-

162 2487 222 2553 bro
246 2489 425 2552 commutat
446 2489 562 2553 status.
605 2484 729 2554 Eooere
752 2491 861 2553 autem
892 2487 999 2575 capite
1026 2493 1137 2556 nutat:
1170 2510 1236 2556 non
1267 2489 1377 2577 pla'oet

163 2606 252 2693 quod
273 2606 427 2693 repperit.
472 2607 537 2674 920
558 2606 628 2690 Age
649 2607 750 2689 igitur
776 2608 863 2675 intro
886 2609 989 2677 abite:
1023 2609 1170 2677 Insistite
1191 2609 1255 2677 hoc
1276 2629 1377 2694 nego·

161 2729 245 2793 tium
263 2728 437 2812 sapienter.
459 2727 521 2793 977
544 2727 591 2811 st,
606 2733 694 2794 tace:
718 2729 864 2814 aperitur
874 2730 973 2811 tores,
996 2731 1138 2798 concedo
1159 2729 1222 2797 huc
1245 2730 1377 2797 clancu-

160 2848 241 2914 lum.
266 2849 349 2915 1119
371 2847 428 2915 Set
451 2847 505 2915 abi
528 2847 630 2920 intro:
652 2848 721 2916 noli
743 2853 841 2918 staro.
1307 2830 1310 2838 ⁵

249 2966 504 3034 13411tscito:
535 2952 686 3050 iam'ego
709 2969 870 3056 adsequar
891 2987 967 3036 vos:
997 2990 1072 3037 cum
1099 2990 1153 3038 ero
1175 2990 1283 3057 pauca
1302 2971 1376 3040 volo

160 3084 262 3171 loqui.
329 3086 411 3152 1374
443 3084 488 3152 Te
519 3086 603 3168 volt,
636 3092 669 3153 ta
703 3089 851 3175 quaerit,
880 3094 977 3177 teque
1009 3094 1206 3177 exspectans
1238 3091 1377 3179 deperit

161 3206 296 3274 Amanti
318 3205 367 3274 ter
386 3225 490 3292 opem.
864 3219 867 3226 ·
