3238 5124
604 1377 943 1519 Prooemium.

249 1785 319 1852 lam
341 1787 515 1873 scriptores
539 1787 675 1872 antiqui,
698 1807 829 1872 qnorum
854 1786 894 1856 de
918 1783 1027 1850 Plauti
1057 1779 1187 1866 ingenio
1210 1785 1308 1866 atque
1330 1777 1379 1846 in-

72 1933 75 1936 ·
167 1906 240 1972 dole
261 1904 383 1972 iudicia
404 1905 498 1970 nobis
521 1911 652 1970 servata
674 1912 752 1972 sunt
774 1907 911 1970 summis
933 1902 1087 1970 laudibus
1112 1921 1184 1968 eum
1207 1902 1379 1968 extollunt.

251 2023 357 2090 Varro
381 2022 484 2100 enim,
517 2023 572 2107 qui
595 2025 717 2107 primus
741 2023 868 2089 litteras
890 2022 1053 2088 Romanas
1085 2024 1311 2106 perscrutatus
1340 2019 1380 2083 il-

165 2142 232 2207 lum
255 2162 328 2207 oum
351 2141 490 2208 Caecilio
521 2145 554 2206 et
583 2139 734 2207 Terentio
766 2148 934 2227 comparat
962 2142 996 2206 in
1028 2139 1230 2204 sermonibus
1264 2136 1379 2203 Plauto

167 2237 312 2345 palmam
334 2260 467 2337 tribuit;
483 2258 641 2339 ‘Fronto,
673 2261 728 2345 qui
756 2281 827 2326 eum
850 2259 975 2325 imitari
1006 2258 1150 2338 studuit,
1186 2257 1380 2339 „vorborum

168 2377 357 2443 Latinorum
390 2379 689 2460 elegantissimurn“
718 2378 775 2444 lib.
798 2378 820 2445 l.
852 2379 880 2443 7.
913 2380 962 2443 17.
993 2383 1122 2462 poetam
1154 2377 1321 2462 praedicat
1351 2379 1384 2440 ot

168 2495 232 2562 alio
255 2496 325 2562 loco
348 2494 404 2562 lib.
427 2495 513 2562 XIX.
538 2497 568 2560 8.
590 2497 619 2562 6.
683 2491 835 2580 „linguae
858 2497 993 2562 Latinae
1022 2498 1162 2572 decus“;
1194 2493 1381 2561 Macrobius

167 2614 456 2698 deniqucSaturn.
481 2613 523 2679 ll.
548 2603 651 2680 1.'10.
696 2615 846 2682 Ciceroni
878 2633 990 2698 parem
1022 2635 1092 2680 esse
1121 2613 1272 2680 Plautum
1305 2631 1381 2677 con-

166 2731 282 2798 tendit.
327 2731 531 2818 Quamquam
555 2733 729 2798 Frontonis
753 2737 785 2800 et
806 2731 967 2798 Macrobii
990 2707 1111 2798 iudicia
1132 2735 1167 2796 in
1195 2732 1382 2798 universum

169 2851 374 2935 comprobari
397 2871 462 2916 non
484 2856 640 2935 possunt3
673 2854 783 2916 tamen
804 2851 954 2916 Plautum
977 2871 1095 2933 genere
1117 2850 1249 2916 dicendi
1286 2853 1382 2934 atque

168 2948 238 3034 arte
260 2971 434 3054 praecipue
456 2969 639 3035 effloruisse
663 2976 695 3035 et
717 2967 779 3034 hac
801 2971 834 3034 in
857 2989 891 3035 re
914 2966 1049 3051 dignum
1071 2986 1161 3046 esse,
1193 2968 1245 3052 qui
1267 2968 1301 3031 in
1324 2986 1383 3030 nu-

168 3105 292 3152 merum
315 3087 591 3153 nobilissimorum
615 3089 855 3154 comoediarum
877 3090 1071 3174 scriptorum
1095 3087 1211 3152 aetatis
1227 3087 1382 3170 cuiusque

169 3207 358 3290 recipiatur,
383 3207 454 3271 iure
477 3226 515 3271 ao
536 3207 652 3272 merito
677 3208 872 3273 contendere
895 3207 972 3272 mihi
995 3205 1115 3271 videor.

254 3325 317 3390 Sed
339 3323 529 3411 priusquam
552 3325 594 3388 ad
616 3325 725 3391 Plauti
746 3327 781 3390 in
797 3325 965 3391 vocabulis
989 3325 1381 3409 enuntiatorumqueper-

168 3443 257 3509 tibus
290 3443 489 3509 collocandis
524 3447 628 3507 artem
662 3443 949 3510 demonstrandam
988 3451 1151 3508 transeam
1183 3461 1221 3507 ao
1240 3415 1384 3506 ⁸certum

169 3581 277 3627 meum
298 3561 455 3627 indicium
481 3560 520 3626 de
549 3559 658 3626 Plauti
687 3565 834 3628 sermone
868 3563 1051 3647 proferam.
1085 3559 1190 3646 pauca
1226 3561 1384 3644 praemit·

169 3680 272 3744 tenda
294 3679 373 3744 milri
396 3699 467 3746 esse
490 3680 642 3745 existimo
666 3680 705 3744 dc
727 3688 844 3746 natura
866 3689 961 3767 atque
983 3679 1092 3745 indole
1115 3683 1242 3763 poetae,
1267 3683 1381 3764 quate-

170 3818 230 3863 nus
255 3817 295 3862 ex
317 3801 388 3863 tota
409 3795 592 3862 fabularum
617 3801 912 3886 componendarum
934 3801 1062 3864 ratione
1084 3797 1243 3863 eluceant.

152 3991 154 3996 ¹
254 3913 389 3981 Plautus
413 3917 499 3980 enim
529 3935 595 3980 non
627 3919 722 3982 modo
752 3919 935 3983 comoedias
966 3919 1108 3985 Graecas
1139 3915 1173 3981 in
1202 3933 1387 3982 sermonem

171 4033 322 4099 Latinum
348 4032 537 4116 transtulit,
568 4034 744 4119 sedsaepe
775 4057 906 4102 numero
938 4036 1171 4102 contaminavit
1201 4040 1233 4100 et
1260 4036 1386 4120 primus

171 4150 291 4217 multas
315 4156 346 4217 et
369 4152 556 4236 praeclaras
580 4155 757 4220 sententias
781 4157 946 4241 exipsius
975 4157 1107 4237 ingenio
1139 4161 1269 4220 exortas
1292 4153 1386 4218 fabu-

170 4269 212 4335 lis
234 4271 378 4335 inseruit.
424 4269 509 4335 Nam
532 4290 607 4336 curn
630 4273 742 4339 crebro
765 4275 797 4339 in
821 4275 940 4342 fabulis
963 4276 1114 4341 instituta
1128 4272 1276 4338 Romana
1299 4292 1387 4338 com·

171 4392 389 4453 memorentur
411 4395 444 4454 et
475 4365 584 4455 mores
606 4389 843 4475 Romanorum,
874 4393 989 4460 Plauto
1022 4396 1056 4460 in
1090 4389 1304 4478 depingendis
1336 4387 1387 4454 his

172 4506 271 4572 rebus
295 4525 453 4572 sommam
478 4508 651 4576 tribuimus
676 4511 938 4589 admirationem,
964 4512 1079 4597 quibus
1101 4509 1227 4594 ingenii
1258 4525 1392 4576 acumen

496 4893 498 4899 Ι
573 4791 782 4888 164400
