3238 5124
695 381 990 446 -11-

321 555 404 620 1144
425 551 523 618 Domi
545 571 615 618 esse
638 551 681 616 ad
705 571 776 618 eam
797 574 867 641 rem
897 553 992 619 video
1022 553 1118 619 silvai
1152 555 1249 623 satis:
1293 554 1447 622 Mulieres

233 680 318 740 tres:
342 678 476 760 quartus
498 675 606 750 tute’s,
629 669 764 756 quintus
786 691 858 740 sum
881 693 950 756 ego,
975 679 1105 739 sextust
1125 691 1236 739 senex.
1272 673 1354 740 1166
1376 675 1448 741 Nisi

233 792 330 858 modo
351 811 458 858 unum.
475 790 552 857 hoe:
596 787 697 856 hasoe
729 811 802 858 esse
834 791 929 858 aedis
958 791 1049 859 dieas
1079 791 1205 859 dotales
1227 795 1319 857 tuas:
1363 791 1448 858 Hine

232 931 343 978 senem
365 930 425 997 aps
447 915 479 976 te
502 909 622 978 abisse.
647 910 729 978 1232
751 911 837 978 Nam
857 917 895 978 tu
915 917 949 978 11
972 911 1075 978 vilem
1107 911 1226 977 deseris
1256 912 1286 976 si
1307 918 1340 977 te
1362 911 1448 980 ultro

233 1029 393 1112 largiore:
418 1028 494 1095 Siue
515 1028 602 1094 ultro
624 1030 744 1110 veniat,
767 1029 941 1117 quaeritet,
966 1031 1140 1114 desideret,
1164 1035 1340 1116 exspectet.
1365 1030 1446 1096 1281

232 1147 504 1216 Philocomasium
526 1149 691 1234 quaerito:
726 1139 883 1218 Amatne
904 1148 997 1216 111111
1014 1151 1132 1216 venio:
1164 1148 1195 1214 11
1224 1149 1359 1233 iturast,
1383 1151 1447 1216 111.

234 1266 354 1336 Omnis
367 1270 529 1334 moratur:
552 1285 670 1334 navem
690 1269 839 1355 eupimus
862 1267 1000 1334 solvere.
1122 1319 1125 1322 .

316 1420 348 1487 1.
369 1419 540 1506 Asyndeta
562 1421 768 1487 summativa.

316 1573 380 1640 216
403 1569 477 1638 Tibi
499 1572 590 1638 dieo:
615 1571 675 1639 eho
698 1572 874 1646 eantherio,
896 1593 949 1640 me
972 1572 1104 1642 hauseis
1126 1578 1160 1641 te
1181 1573 1341 1660 adloqui?
1365 1546 1448 1639 vPa-

232 1693 377 1774 laestrio,
399 1689 506 1774 Vigila
527 1690 670 1776 inquam,
694 1694 922 1778 expergiscere
944 1695 1096 1780 inquam;
1118 1693 1204 1760 luoet
1224 1693 1285 1759 hoo
1307 1691 1446 1779 inquam.

232 1812 292 1878 221
317 1811 403 1894 Coge
424 1811 458 1876 in
481 1808 646 1895 opsidium
668 1807 862 1898 perduelliS,
891 1801 1013 1879 nostris
1032 1812 1236 1898 praesidium
1256 1825 1349 1897 para.
1393 1811 1447 1877 Iu-

233 1931 382 1998 terelude
403 1930 483 1997 itere
505 1930 656 2010 inimiois,
680 1938 751 1998 oete
773 1931 833 1998 tibi
855 1933 963 1998 moeni
982 1932 1077 1997 viam.
1124 1931 1194 2010 Qua
1216 1929 1343 1998 cibatus
1358 1951 1447 1996 oom-

231 2055 423 2134 meatusque
448 2049 490 2114 11
512 2053 544 2113 11
567 2053 600 2115 11
621 2049 767 2132 legiones
788 2054 863 2116 tuas
895 2051 977 2116 Tuto
1009 2052 1112 2136 possit
1140 2050 1320 2136 pervenire,
1364 2049 1447 2114 hane

231 2191 300 2235 rem
323 2188 399 2251 age:
444 2187 497 2233 res
520 2168 719 2238 subitariast.
776 2172 837 2236 281
861 2169 942 2236 Tute
965 2172 1051 2236 11111
1074 2169 1137 2234 1111
1166 2168 1246 2234 tibi:
1293 2167 1375 2234 Mihi
1405 2180 1447 2233 ne

231 2291 337 2356 dixis:
361 2287 446 2356 seire
466 2273 553 2352 nolo.

287 2499 289 2504 ,
315 2443 378 2510 351
401 2442 460 2510 Set
481 2461 558 2524 ego,
592 2443 679 2528 quod
701 2463 781 2526 ago,
813 2443 921 2509 idme
943 2462 1040 2526 agere
1063 2446 1204 2529 oportet:
1248 2441 1311 2508 hoo
1333 2461 1448 2528 opser-

234 2585 311 2633 vare
332 2563 462 2630 ostium.
506 2562 570 2627 409
592 2561 648 2629 Set
670 2563 758 2630 fores
781 2564 881 2630 vieini
901 2564 1055 2650 proxumi
1077 2567 1292 2648 crepuerunt:
1324 2563 1446 2630 oontis·

233 2707 315 2778 eam.
362 2685 422 2750 101
442 2681 481 2748 Ei
504 2687 584 2768 aput
604 2703 657 2748 me
679 2686 775 2761 sunt,
798 2685 827 2751 ei
849 2705 901 2750 me
923 2689 1055 2751 curant:
1096 2683 1207 2750 visunt
1238 2683 1317 2770 quid
1339 2701 1446 2766 agam,

233 2805 346 2891 ecquid
367 2803 487 2868 velim?
510 2801 705 2886 Priusquam
728 2801 827 2884 luoet,
849 2803 986 2869 adsunt:
1010 2803 1162 2884 rogitant,
1185 2809 1284 2869 nootu
1306 2806 1342 2868 ut
1359 2821 1446 2868 som·

232 2943 310 2990 num
342 2923 493 3008 ceperim.
539 2919 758 2990 Saorufioant:
794 2924 875 2993 1111
912 2922 989 2990 1111
1020 2929 1146 3009 partem
1175 2922 1257 2989 mihi
1289 2923 1446 2988 maiorem

232 3062 331 3130 quam
353 3041 433 3124 sibi,
465 3039 643 3108 Abduount
670 3063 721 3110 me
744 3043 786 3108 11
808 3047 900 3120 exta,
929 3062 983 3109 me
1005 3042 1047 3108 ad
1069 3061 1105 3108 se
1127 3043 1169 3108 11
1190 3042 1380 3129 prandium,
1402 3039 1446 3107 ed

233 3181 346 3229 uenam
368 3163 495 3226 vocant.
540 3159 599 3227 Ille
622 3160 852 3227 miserrumum
873 3181 908 3228 se
929 3168 1036 3244 retur,
1072 3162 1251 3226 minumum
1279 3161 1336 3246 qui
1356 3160 1449 3230 misit

232 3281 320 3346 mihi.
364 3279 414 3346 Illi
435 3279 521 3346 iuter
542 3299 578 3346 11
601 3285 727 3347 certant
750 3279 864 3347 donis:
887 3285 1015 3363 egomet
1029 3299 1156 3347 meeum
1176 3279 1331 3346 mussito:
1354 3279 1448 3348 Bona

95 3457 98 3464 .
232 3419 305 3466 mea
326 3396 470 3464 inhiant:
491 3417 544 3464 me
566 3399 719 3466 certatim
739 3399 906 3466 nutricant
927 3404 960 3465 et
980 3403 1162 3464 munerant.
1206 3399 1270 3464 864
1299 3397 1356 3465 Set
1384 3397 1447 3464 Pe-

232 3518 490 3604 ripleeomeuus,
514 3535 612 3603 quam
634 3518 665 3584 ei
685 3515 859 3599 mandavi,
881 3517 1050 3586 mulierem
1073 3518 1178 3584 Nimis
1212 3518 1322 3604 lepida
1342 3518 1448 3584 forma

233 3639 342 3706 ducit:
366 3636 401 3702 di
421 3636 531 3703 hercle
555 3636 638 3704 hano
659 3657 730 3704 rem
750 3635 916 3704 adiuvant.
961 3636 1065 3716 Quam
1094 3636 1191 3720 digne
1221 3641 1337 3703 ornata
1356 3635 1447 3703 inee-

232 3757 291 3840 dit,
313 3755 393 3824 haut
412 3755 615 3823 meretricie:
650 3755 772 3844 Lepide
793 3757 855 3824 hoo
877 3756 1025 3824 suooedit
1047 3755 1106 3822 sub
1131 3774 1247 3822 manus
1268 3755 1445 3838 negotium.

182 3908 188 3924 ⁴
316 3911 380 3976 962
401 3907 451 3974 Ea
472 3911 648 3976 demoritur
670 3917 702 3976 te
724 3915 822 3997 atque
845 3912 885 3978 ab
908 3911 967 3976 illo
990 3911 1080 3996 eupit
1103 3909 1208 3975 abire:
1235 3909 1304 3974 odit
1325 3929 1446 3975 senem.

235 4031 317 4096 1268
340 4027 492 4096 Causiem
512 4028 635 4095 habeas
657 4015 897 4114 ferrugineam,
924 4050 1001 4095 nam
1032 4029 1062 4094 is
1095 4026 1183 4094 oolos
1215 4027 1446 4095 thassalioust:

233 4149 271 4216 Id
293 4169 453 4216 oonexum
474 4149 508 4232 in
541 4167 653 4215 umero
677 4149 789 4232 laevo,
822 4149 1023 4237 expapillato
1054 4146 1204 4228 braohio,
1233 4147 1447 4212 Praeoinetus

234 4269 350 4354 aliqui:
374 4266 570 4335 adsimulato
593 4270 687 4354 quasi
701 4267 906 4352 guberuator
927 4269 1003 4334 sies.

321 4386 403 4452 1366
425 4385 548 4476 Nema
569 4388 748 4456 moneatis:
767 4387 901 4454 memini
923 4405 982 4470 ego
996 4385 1138 4454 officium
1152 4405 1269 4453 meum.
1291 4383 1360 4465 Ego
1378 4381 1446 4448 iam
